2334 3922
441 176 468 245 1,
488 183 504 230 s
523 177 658 246 <ro-11).
1022 174 1062 239 19

13 342 131 404 ¹eatur
168 343 221 404 diu
252 343 346 403 Marte
378 345 473 424 vario,
510 342 604 403 donec
635 342 806 403 Postumius
839 344 904 421 ipse
936 341 1062 402 dictator

43 435 166 511 siguum
188 434 220 492 in
243 431 339 492 hostis
362 431 506 492 iaculatus
530 437 576 492 est
595 465 636 474 —
656 449 765 492 novum
790 437 819 490 et
842 432 959 509 insigne
983 449 1062 491 com·

43 528 181 581 mentum
209 553 251 563 —
280 522 325 580 uti
361 526 557 600 repeteretur.
604 520 714 581 Cossus
753 522 888 598 equitum
922 521 1098 597 magister3

45 627 158 670 exuere
181 609 283 669 frenos
306 611 463 688 imperavit
486 643 528 650 -
553 616 583 671 et
605 609 661 669 boc
684 626 794 668 novum
817 641 859 649 —
884 626 941 686 quo
966 611 1064 668 acrius

19 702 245 758 sincurrerent.
293 715 327 757 ea
355 696 483 776 denique
511 699 650 757 atrocitas
678 696 785 776 proclii
814 697 883 776 luit,
912 703 945 756 ut
972 697 1100 756 inter-4

46 788 141 847 luisse
171 785 340 865 spectaculo
368 784 439 845 deos
469 786 544 845 lama
572 785 735 845 tradiderit.
783 785 841 844 duo
870 787 902 844 in
930 782 1064 844 candidis

46 877 134 954 equis
162 877 285 935 iuvenes
312 892 395 934 more
424 874 557 934 siderum
579 873 883 953 praetervolaveruut3
912 872 1064 932 Castorem

46 973 135 1042 atque
157 963 308 1024 Pollucem
331 980 419 1023 nemo
443 961 595 1022 dubitavit.
637 965 737 1040 itaque
761 970 791 1022 et
814 965 976 1040 imperator
999 963 1063 1039 ipse

46 1059 208 1113 veneratus
230 1060 277 1112 est
299 1060 463 1130 pactusque
487 1053 641 1111 victoriam
664 1050 773 1130 templa
792 1051 931 1129 promisit
950 1059 979 1110 et
997 1049 1064 1110 red-

11 1163 33 1201 ιο
46 1141 133 1220 didit,
156 1141 243 1219 plane
267 1143 352 1219 quasi
375 1139 558 1219 stipendium
581 1139 833 1199 commilitonibus
857 1139 923 1199 diis.

114 1229 265 1290 Hactenus
297 1247 351 1308 pro
384 1228 535 1309 libertate,
567 1246 636 1288 mox
668 1228 704 1289 de
735 1227 844 1288 finibus
873 1246 941 1288 cum
969 1226 1100 1287 isdem5

47 1319 163 1379 Latinis
187 1317 309 1378 adsidue
333 1326 363 1378 et
386 1320 450 1377 sinc
474 1319 696 1378 intermissione
715 1325 879 1396 pugnatum
898 1322 952 1376 est.
990 1315 1063 1375 Cora
1084 1326 1100 1373 6

48 1441 91 1449 —
116 1409 185 1486 quis
213 1403 336 1466 credat?
360 1440 401 1448 —
427 1413 456 1466 et
484 1406 598 1466 Alsium
621 1409 731 1465 terrori
755 1406 888 1484 luerunt,
917 1404 1065 1463 Satricum

49 1502 137 1574 atque
167 1494 358 1555 Corniculum
385 1497 562 1573 provinciae.
614 1493 650 1553 de
674 1493 791 1554 Verulis
820 1500 849 1552 et
876 1491 996 1551 Bovillis
1020 1525 1062 1533 -—

13 1605 35 1645 15
48 1585 143 1663 pudet
156 1617 198 1626 —
214 1584 266 1644 sed
285 1584 540 1662 triumphavimus.
577 1582 679 1663 Tibur,
702 1601 781 1643 nunc
801 1581 1014 1662 suburbanum,
1033 1588 1063 1640 et
1083 1591 1098 1640 1

40 1676 178 1734 aestivae
205 1671 365 1732 Praeneste
398 1670 521 1731 deliciae
549 1673 728 1750 nuncupatis
755 1674 787 1731 in
815 1669 958 1749 Capitolio
988 1672 1064 1730 votis

48 1761 236 1840 petebantur.
287 1760 367 1819 idem
402 1766 475 1820 tunc
507 1758 647 1819 Faesulae
686 1759 765 1837 quod
799 1759 927 1819 Carrhae
959 1769 1099 1840 nuper,8

48 1851 129 1910 idem
157 1866 263 1908 nemus
280 1848 444 1908 ¹Aricinum
472 1846 550 1926 quod
580 1847 747 1927 Hercynius
776 1847 881 1928 saltus,
914 1846 1064 1925 Fregellae

50 1938 130 2017 quod
150 1936 352 2016 Gesoriacum,
375 1935 492 1996 Tiberis
518 1936 596 2014 quod
619 1936 794 2015 Euphrates
837 1935 970 1996 Coriolos
994 1954 1065 2014 quo-
1084 1946 1100 1994 9

120 2125 143 2178 I
159 2130 173 2176 1
192 2127 283 2178 marte
302 2127 341 2192 (m
358 2140 444 2193 stupro
461 2141 567 2179 cereum
584 2143 618 2179 m.
636 2127 664 2194 1)
682 2125 711 2178 Β
727 2125 731 2192 1
746 2124 913 2193 posthumus
932 2123 962 2192 (h
979 2139 1066 2192 supra

48 2212 156 2251 cereum
174 2213 209 2251 m.
224 2200 252 2262 1)
268 2196 296 2249 Β
314 2197 461 2263 postumus
476 2195 509 2248 N
524 2198 670 2263 portumus
685 2196 711 2248 L
727 2195 732 2267 1
749 2195 879 2250 ductetor
896 2196 929 2248 in
944 2193 1065 2248 dictator

47 2273 115 2322 mut.
133 2267 159 2319 L
174 2267 183 2335 1
198 2271 213 2318 2
235 2265 352 2334 dignum
365 2265 398 2319 N
409 2267 448 2335 113
463 2267 495 2319 ut
512 2264 579 2320 inde
592 2265 653 2335 ipse
667 2267 810 2335 peteretur
823 2268 852 2321 Β
866 2263 909 2318 uti
922 2266 1065 2333 peteretur

49 2337 81 2394 0:
96 2353 168 2392 corr.
179 2336 217 2391 N.
228 2336 373 2404 Heinsius,
386 2339 419 2390 ut
431 2338 605 2405 repeteretur
613 2338 775 2393 Perizonius
788 2343 814 2391 et
825 2337 938 2403 Tollius,
953 2336 986 2388 ut
999 2332 1065 2390 snde

46 2409 223 2479 repeteretur
231 2408 352 2462 Iolmr‘ue
365 2409 398 2460 ut
410 2406 519 2477 impetu
532 2409 676 2475 peteretur
687 2409 825 2462 Traubios
836 2424 865 2476 p.
876 2410 912 2460 10
928 2407 932 2475 1
949 2404 1063 2477 Cossus]

46 2495 132 2534 eursu
146 2495 243 2532 cossus
259 2478 282 2532 0
289 2481 308 2601 (p
317 2477 444 2546 equitum
458 2482 488 2547 (q
501 2485 621 2533 correcta
635 2480 669 2533 eac
678 2481 707 2547 g)
717 2479 745 2532 Β
759 2479 768 2545 11
782 2482 799 2530 4
814 2477 889 2546 quod
898 2477 931 2531 N
941 2479 951 2547 11
965 2482 981 2529 6
997 2477 1063 2534 deos
1107 2526 1112 2535 ,

46 2549 211 2620 spectaculo
225 2549 253 2602 L
268 2551 273 2617 1
308 2565 359 2602 uos
369 2549 396 2601 L
409 2551 419 2619 11
434 2554 449 2602 7
464 2549 623 2602 iuuenes-
633 2548 914 2618 praeteruoleuerunt
927 2565 977 2603 om.
990 2550 1013 2604 C
1024 2550 1034 2618 11
1048 2553 1064 2601 8

46 2623 141 2690 adque
156 2620 184 2673 B
200 2621 205 2689 1
220 2618 363 2690 pullucem
378 2622 400 2674 0
415 2622 419 2688 1
435 2619 495 2689 ipse
514 2637 565 2675 ont.
581 2621 609 2688 0,
628 2622 663 2687 of.
674 2637 704 2689 p.
719 2627 763 2687 11,
778 2624 795 2674 7
809 2622 818 2690 11
832 2624 848 2672 9
864 2618 1024 2687 Pectusque
1038 2621 1064 2687 (c

45 2697 170 2748 correcta
188 2708 222 2745 ex
240 2693 264 2760 s)
278 2691 305 2744 L
321 2692 325 2760 1
341 2689 492 2745 uictoriam
510 2692 536 2758 (0
555 2699 675 2746 correcto
689 2708 722 2744 ec
736 2693 765 2760 u)
779 2691 806 2743 L
822 2697 826 2755 1
842 2690 949 2759 temple
964 2693 992 2759 (e
1006 2707 1063 2745 eor·

44 2770 122 2819 recta
134 2779 170 2817 ex
187 2779 235 2815 um
263 2762 362 2831 111110
381 2761 441 2815 deis
460 2762 494 2816 N
508 2760 594 2815 Dehis
613 2762 639 2815 L
653 2764 663 2830 11
677 2767 709 2814 11
730 2763 846 2815 actenus
865 2762 899 2815 N
916 2766 920 2829 1
936 2761 980 2815 his
1000 2761 1065 2814 dem

45 2835 73 2895 Β
92 2832 202 2888 eisdem
256 2835 265 2903 11
284 2838 318 2888 12
337 2832 450 2887 assidue
468 2833 496 2886 L
511 2833 516 2901 1
532 2848 597 2886 cora
615 2833 702 2887 Rebd.
723 2848 787 2886 sora
805 2833 833 2886 A
852 2848 916 2886 sore
935 2835 958 2900 (s
977 2849 1065 2900 sopra

44 2921 153 2960 ocrem
172 2921 206 2958 m.
226 2906 254 2972 1)
272 2904 306 2958 N
322 2902 378 2957 Ore
396 2904 423 2957 L
446 2904 520 2959 Voss.
540 2904 650 2958 Monac.
669 2905 673 2972 1
695 2919 814 2971 soraque
833 2904 862 2956 et
881 2901 983 2956 alsium
1003 2903 1063 2969 (ont.

63 2975 110 3030 uis
139 2974 248 3043 credet)
271 2981 336 3044 poet
363 2976 429 3029 setr.
458 2991 483 3029 a.
512 2990 586 3028 corn.
608 2975 631 3028 Ι
648 2975 658 3041 11
682 2980 715 3027 13
739 2973 866 3044 algidum
890 2976 938 3039 01
963 2972 1064 3025 terrori

44 2994 162 3101 hrernnt
194 3047 293 3115 captes
313 3047 371 3114 (sic,
389 3047 457 3117 lupe:
478 3047 578 3114 ceptae
598 3046 706 3113 sunt)1
726 3046 736 3114 11
760 3049 794 3097 14
813 3044 905 3112 adque
923 3046 951 3099 A
971 3047 975 3111 1
999 3058 1063 3110 pro-

44 3116 160 3171 uinciae
191 3115 393 3186 prouinciaeque
412 3116 512 3170 effecte
529 3118 551 3170 I
569 3117 573 3185 1
596 3114 712 3169 bobillis
730 3117 752 3170 I
770 3116 779 3184 11
804 3121 836 3169 16
854 3113 1064 3183 triumphauere

44 3187 158 3243 romani
170 3188 192 3241 I
202 3189 211 3257 11
226 3193 259 3240 16
278 3186 393 3240 eastiuae
408 3187 441 3241 N
454 3191 458 3252 1
475 3186 578 3241 delicia
592 3188 619 3241 B
638 3185 746 3241 deliciae
760 3187 801 3240 B¹
815 3187 824 3255 11
840 3191 872 3238 17
890 3185 965 3254 phee
984 3181 1063 3237 snloe

44 3261 73 3314 B
99 3262 104 3328 1
130 3257 229 3312 eerrhe
252 3258 280 3311 Β
308 3257 423 3312 charrae
448 3260 470 3313 I
492 3274 582 3327 ceprae
605 3274 628 3310 ae
651 3259 684 3325 (ae
708 3274 730 3310 ω
753 3258 955 3311 contemuitur.
978 3256 1007 3323 2)
1032 3253 1067 3311 N

46 3345 148 3412 cepree
168 3328 195 3381 L
208 3329 217 3398 11
226 3332 265 3410 Ι18ῑ
285 3326 407 3450 m'lpinus
420 3330 440 3382 1
454 3331 458 3397 1
474 3327 627 3409 heecynius
647 3331 675 3396 (y
694 3329 862 3407 inseruitm.
878 3328 905 3395 1)
919 3328 948 3381 Β
966 3324 1062 3394 hercy-

44 3399 649 3551 lttdhtttttuldttttttntt
664 3398 1062 3548 Coieilffillmrldilili

48 3544 94 3599 01
108 3546 113 3614 1
130 3540 255 3596 Conolos
275 3544 296 3609 (1
313 3557 399 3610 supro
417 3558 523 3596 uersum
540 3559 575 3595 m.
595 3542 664 3609 ead.)
684 3541 710 3594 L
729 3536 849 3592 cunolos
867 3540 889 3593 I

817 3626 853 3686 n*
