<?xml version="1.0" encoding="UTF-8"?>
<!DOCTYPE html PUBLIC "-//W3C//DTD XHTML 1.0 Transitional//EN"
    "http://www.w3.org/TR/xhtml1/DTD/xhtml1-transitional.dtd">
<html xmlns="http://www.w3.org/1999/xhtml" xml:lang="en" lang="en">
 <head>
  <title>
</title>
<meta http-equiv="Content-Type" content="text/html;charset=utf-8" />
  <meta name='ocr-system' content='tesseract 3.04.00' />
  <meta name='ocr-capabilities' content='ocr_page ocr_carea ocr_par ocr_line ocrx_word'/>
</head>
<body>
  <div class='ocr_page' id='page_1' title='image "./lannaeifloriepi04florgoog_0245.png"; bbox 0 0 2334 3922; ppageno 0'>
   <div class='ocr_carea' id='block_1_1' title="bbox 117 196 765 261">
    <p class='ocr_par' dir='ltr' id='par_1_1' title="bbox 117 196 765 261">
     <span class='ocr_line' id='line_1_1' title="bbox 117 196 765 261; baseline -0.012 -3"><span class='ocrx_word' id='word_1_1' title='bbox 117 196 180 261; x_wconf 79' lang='lat'>172</span> <span class='ocrx_word' id='word_1_2' title='bbox 477 200 765 252; x_wconf 76' lang='lat' dir='ltr'>rnomnemons</span> 
     </span>
    </p>
   </div>
   <div class='ocr_carea' id='block_1_2' title="bbox 66 364 1151 979">
    <p class='ocr_par' dir='ltr' id='par_1_2' title="bbox 117 364 1120 444">
     <span class='ocr_line' id='line_1_2' title="bbox 117 364 1120 444; baseline -0.003 -18"><span class='ocrx_word' id='word_1_3' title='bbox 117 366 161 426; x_wconf 95' lang='lat' dir='ltr'>illi</span> <span class='ocrx_word' id='word_1_4' title='bbox 194 368 292 426; x_wconf 90' lang='lat' dir='ltr'>statim</span> <span class='ocrx_word' id='word_1_5' title='bbox 324 371 391 424; x_wconf 91' lang='lat' dir='ltr'>ante</span> <span class='ocrx_word' id='word_1_6' title='bbox 422 367 515 425; x_wconf 83' lang='lat' dir='ltr'>aciem</span> <span class='ocrx_word' id='word_1_7' title='bbox 546 364 696 424; x_wconf 90' lang='lat' dir='ltr'>immolato</span> <span class='ocrx_word' id='word_1_8' title='bbox 729 383 806 444; x_wconf 93' lang='lat' dir='ltr'>equo</span> <span class='ocrx_word' id='word_1_9' title='bbox 834 382 999 444; x_wconf 89' lang='lat' dir='ltr'>concepere</span> <span class='ocrx_word' id='word_1_10' title='bbox 1026 371 1120 424; x_wconf 91' lang='lat' dir='ltr'>votum</span> 
     </span>
    </p>

    <p class='ocr_par' dir='ltr' id='par_1_3' title="bbox 66 453 1151 979">
     <span class='ocr_line' id='line_1_3' title="bbox 66 453 1120 516; baseline -0.001 -2"><span class='ocrx_word' id='word_1_11' title='bbox 66 467 98 514; x_wconf 83' lang='lat'>16</span> <span class='ocrx_word' id='word_1_12' title='bbox 117 463 151 516; x_wconf 91' lang='lat' dir='ltr'>ut</span> <span class='ocrx_word' id='word_1_13' title='bbox 174 472 328 515; x_wconf 91' lang='lat' dir='ltr'>caesorum</span> <span class='ocrx_word' id='word_1_14' title='bbox 351 456 427 514; x_wconf 84' lang='lat' dir='ltr'>extis</span> <span class='ocrx_word' id='word_1_15' title='bbox 451 454 561 514; x_wconf 92' lang='lat' dir='ltr'>ducum</span> <span class='ocrx_word' id='word_1_16' title='bbox 584 461 613 514; x_wconf 89' lang='lat' dir='ltr'>et</span> <span class='ocrx_word' id='word_1_17' title='bbox 630 453 751 514; x_wconf 74' lang='lat' dir='ltr'>litarent</span> <span class='ocrx_word' id='word_1_18' title='bbox 769 461 799 514; x_wconf 89' lang='lat' dir='ltr'>et</span> <span class='ocrx_word' id='word_1_19' title='bbox 816 460 1017 516; x_wconf 79' lang='lat' dir='ltr'>vescerentur.</span> <span class='ocrx_word' id='word_1_20' title='bbox 1055 454 1120 514; x_wconf 92' lang='lat' dir='ltr'>deos</span> 
     </span>
     <span class='ocr_line' id='line_1_4' title="bbox 118 542 1121 622; baseline -0.003 -18"><span class='ocrx_word' id='word_1_21' title='bbox 118 544 236 604; x_wconf 82' lang='lat' dir='ltr'>audisse</span> <span class='ocrx_word' id='word_1_22' title='bbox 264 542 455 602; x_wconf 82' lang='lat' dir='ltr'>crediderim:</span> <span class='ocrx_word' id='word_1_23' title='bbox 482 561 538 603; x_wconf 92' lang='lat' dir='ltr'>nec</span> <span class='ocrx_word' id='word_1_24' title='bbox 565 542 651 602; x_wconf 90' lang='lat' dir='ltr'>tubas</span> <span class='ocrx_word' id='word_1_25' title='bbox 680 545 827 603; x_wconf 89' lang='lat' dir='ltr'>sustinere</span> <span class='ocrx_word' id='word_1_26' title='bbox 850 550 1022 622; x_wconf 89' lang='lat' dir='ltr'>potuerunt.</span> <span class='ocrx_word' id='word_1_27' title='bbox 1067 561 1121 602; x_wconf 92' lang='lat' dir='ltr'>non</span> 
     </span>
     <span class='ocr_line' id='line_1_5' title="bbox 117 630 1121 693; baseline -0.003 0"><span class='ocrx_word' id='word_1_28' title='bbox 117 634 273 693; x_wconf 91' lang='lat' dir='ltr'>minimum</span> <span class='ocrx_word' id='word_1_29' title='bbox 292 633 416 691; x_wconf 89' lang='lat' dir='ltr'>terroris</span> <span class='ocrx_word' id='word_1_30' title='bbox 435 633 561 692; x_wconf 88' lang='lat' dir='ltr'>incussit</span> <span class='ocrx_word' id='word_1_31' title='bbox 579 630 713 691; x_wconf 91' lang='lat' dir='ltr'>barbaris</span> <span class='ocrx_word' id='word_1_32' title='bbox 728 631 885 693; x_wconf 87' lang='lat' dir='ltr'>Cornidius</span> <span class='ocrx_word' id='word_1_33' title='bbox 904 634 1042 693; x_wconf 89' lang='lat' dir='ltr'>centurio</span> <span class='ocrx_word' id='word_1_34' title='bbox 1057 633 1121 691; x_wconf 91' lang='lat' dir='ltr'>satis</span> 
     </span>
     <span class='ocr_line' id='line_1_6' title="bbox 117 719 1151 802; baseline -0.003 -20"><span class='ocrx_word' id='word_1_35' title='bbox 117 721 274 802; x_wconf 80' lang='lat' dir='ltr'>barbarae,</span> <span class='ocrx_word' id='word_1_36' title='bbox 303 720 432 780; x_wconf 88' lang='lat' dir='ltr'>efficacis</span> <span class='ocrx_word' id='word_1_37' title='bbox 459 727 559 780; x_wconf 88' lang='lat' dir='ltr'>tamen</span> <span class='ocrx_word' id='word_1_38' title='bbox 588 727 658 800; x_wconf 90' lang='lat' dir='ltr'>aput</span> <span class='ocrx_word' id='word_1_39' title='bbox 684 720 758 780; x_wconf 88' lang='lat' dir='ltr'>tales</span> <span class='ocrx_word' id='word_1_40' title='bbox 786 721 921 782; x_wconf 91' lang='lat' dir='ltr'>homines</span> <span class='ocrx_word' id='word_1_41' title='bbox 948 719 1151 800; x_wconf 79' lang='lat' dir='ltr'>stoliditatis‚⁵</span> 
     </span>
     <span class='ocr_line' id='line_1_7' title="bbox 119 809 1122 890; baseline -0.002 -20"><span class='ocrx_word' id='word_1_42' title='bbox 119 814 171 890; x_wconf 91' lang='lat' dir='ltr'>qui</span> <span class='ocrx_word' id='word_1_43' title='bbox 197 809 328 870; x_wconf 88' lang='lat' dir='ltr'>foculum</span> <span class='ocrx_word' id='word_1_44' title='bbox 355 827 462 888; x_wconf 86' lang='lat' dir='ltr'>gerens</span> <span class='ocrx_word' id='word_1_45' title='bbox 490 827 581 888; x_wconf 89' lang='lat' dir='ltr'>super</span> <span class='ocrx_word' id='word_1_46' title='bbox 608 809 754 869; x_wconf 88' lang='lat' dir='ltr'>cassidem</span> <span class='ocrx_word' id='word_1_47' title='bbox 783 812 925 889; x_wconf 82' lang='lat' dir='ltr'>agitatum</span> <span class='ocrx_word' id='word_1_48' title='bbox 953 816 1036 869; x_wconf 91' lang='lat' dir='ltr'>motu</span> <span class='ocrx_word' id='word_1_49' title='bbox 1064 826 1122 869; x_wconf 91' lang='lat' dir='ltr'>cor-</span> 
     </span>
     <span class='ocr_line' id='line_1_8' title="bbox 117 897 928 979; baseline 0 -20"><span class='ocrx_word' id='word_1_50' title='bbox 117 902 200 979; x_wconf 89' lang='lat' dir='ltr'>poris</span> <span class='ocrx_word' id='word_1_51' title='bbox 224 898 372 958; x_wconf 86' lang='lat' dir='ltr'>flammam</span> <span class='ocrx_word' id='word_1_52' title='bbox 395 898 475 958; x_wconf 89' lang='lat' dir='ltr'>velut</span> <span class='ocrx_word' id='word_1_53' title='bbox 497 897 613 957; x_wconf 89' lang='lat' dir='ltr'>ardenti</span> <span class='ocrx_word' id='word_1_54' title='bbox 636 900 732 977; x_wconf 89' lang='lat' dir='ltr'>capite</span> <span class='ocrx_word' id='word_1_55' title='bbox 756 898 928 960; x_wconf 88' lang='lat' dir='ltr'>funditabat.</span> 
     </span>
    </p>
   </div>
   <div class='ocr_carea' id='block_1_3' title="bbox 357 1162 894 1226">
    <p class='ocr_par' dir='ltr' id='par_1_4' title="bbox 357 1162 894 1226">
     <span class='ocr_line' id='line_1_9' title="bbox 357 1162 894 1226; baseline 0.007 -4"><span class='ocrx_word' id='word_1_56' title='bbox 357 1163 468 1223; x_wconf 81' lang='lat' dir='ltr'>XXVII.</span> <span class='ocrx_word' id='word_1_57' title='bbox 500 1162 649 1222; x_wconf 86' lang='lat' dir='ltr'><strong><em>BELLVM</em></strong></span> <span class='ocrx_word' id='word_1_58' title='bbox 672 1163 894 1226; x_wconf 81' lang='lat' dir='ltr'>THRACICVM.</span> 
     </span>
    </p>
   </div>
   <div class='ocr_carea' id='block_1_4' title="bbox 68 1305 1153 1831">
    <p class='ocr_par' dir='ltr' id='par_1_5' title="bbox 68 1305 1153 1831">
     <span class='ocr_line' id='line_1_10' title="bbox 68 1305 1124 1384; baseline -0.004 -16"><span class='ocrx_word' id='word_1_59' title='bbox 68 1334 100 1382; x_wconf 77' lang='lat'>17</span> <span class='ocrx_word' id='word_1_60' title='bbox 187 1308 316 1368; x_wconf 83' lang='lat' dir='ltr'>Thraces</span> <span class='ocrx_word' id='word_1_61' title='bbox 339 1314 424 1366; x_wconf 89' lang='lat' dir='ltr'>antea</span> <span class='ocrx_word' id='word_1_62' title='bbox 448 1324 534 1384; x_wconf 86' lang='lat' dir='ltr'>saepe</span> <span class='ocrx_word' id='word_1_63' title='bbox 559 1312 589 1365; x_wconf 90' lang='lat' dir='ltr'>et</span> <span class='ocrx_word' id='word_1_64' title='bbox 606 1312 670 1366; x_wconf 90' lang='lat' dir='ltr'>tum</span> <span class='ocrx_word' id='word_1_65' title='bbox 688 1309 814 1366; x_wconf 84' lang='lat' dir='ltr'>maxime</span> <span class='ocrx_word' id='word_1_66' title='bbox 833 1305 1041 1367; x_wconf 86' lang='lat' dir='ltr'>Rhoemetalce</span> <span class='ocrx_word' id='word_1_67' title='bbox 1060 1323 1124 1383; x_wconf 84' lang='lat' dir='ltr'>rege</span> 
     </span>
     <span class='ocr_line' id='line_1_11' title="bbox 120 1393 1153 1473; baseline -0.007 -15"><span class='ocrx_word' id='word_1_68' title='bbox 120 1399 313 1458; x_wconf 85' lang='lat' dir='ltr'>desciverant.</span> <span class='ocrx_word' id='word_1_69' title='bbox 363 1395 413 1455; x_wconf 91' lang='lat' dir='ltr'>ille</span> <span class='ocrx_word' id='word_1_70' title='bbox 445 1394 587 1455; x_wconf 91' lang='lat' dir='ltr'>barbaros</span> <span class='ocrx_word' id='word_1_71' title='bbox 619 1401 649 1455; x_wconf 89' lang='lat' dir='ltr'>et</span> <span class='ocrx_word' id='word_1_72' title='bbox 681 1396 774 1473; x_wconf 84' lang='lat' dir='ltr'>signis</span> <span class='ocrx_word' id='word_1_73' title='bbox 806 1394 985 1455; x_wconf 91' lang='lat' dir='ltr'>militaribus</span> <span class='ocrx_word' id='word_1_74' title='bbox 1014 1401 1044 1454; x_wconf 92' lang='lat' dir='ltr'>et</span> <span class='ocrx_word' id='word_1_75' title='bbox 1070 1393 1153 1452; x_wconf 85' lang='lat' dir='ltr'>dis-10</span> 
     </span>
     <span class='ocr_line' id='line_1_12' title="bbox 121 1482 1126 1566; baseline -0.006 -19"><span class='ocrx_word' id='word_1_76' title='bbox 121 1487 243 1566; x_wconf 80' lang='lat' dir='ltr'>ciplina,</span> <span class='ocrx_word' id='word_1_77' title='bbox 276 1487 366 1544; x_wconf 91' lang='lat' dir='ltr'>armis</span> <span class='ocrx_word' id='word_1_78' title='bbox 399 1487 487 1544; x_wconf 91' lang='lat' dir='ltr'>etiam</span> <span class='ocrx_word' id='word_1_79' title='bbox 515 1483 654 1544; x_wconf 88' lang='lat' dir='ltr'>Romanis</span> <span class='ocrx_word' id='word_1_80' title='bbox 687 1484 872 1564; x_wconf 81' lang='lat' dir='ltr'>adsueverat3</span> <span class='ocrx_word' id='word_1_81' title='bbox 906 1492 952 1543; x_wconf 92' lang='lat' dir='ltr'>set</span> <span class='ocrx_word' id='word_1_82' title='bbox 980 1502 996 1543; x_wconf 89' lang='lat' dir='ltr'>a</span> <span class='ocrx_word' id='word_1_83' title='bbox 1023 1482 1126 1543; x_wconf 85' lang='lat' dir='ltr'>Pisone</span> 
     </span>
     <span class='ocr_line' id='line_1_13' title="bbox 120 1571 1126 1654; baseline -0.005 -19"><span class='ocrx_word' id='word_1_84' title='bbox 120 1575 280 1654; x_wconf 88' lang='lat' dir='ltr'>perdomiti</span> <span class='ocrx_word' id='word_1_85' title='bbox 312 1575 343 1632; x_wconf 91' lang='lat' dir='ltr'>in</span> <span class='ocrx_word' id='word_1_86' title='bbox 376 1574 440 1650; x_wconf 93' lang='lat' dir='ltr'>ipsa</span> <span class='ocrx_word' id='word_1_87' title='bbox 468 1574 635 1650; x_wconf 83' lang='lat' dir='ltr'>captivitate</span> <span class='ocrx_word' id='word_1_88' title='bbox 663 1571 775 1632; x_wconf 92' lang='lat' dir='ltr'>rabiem</span> <span class='ocrx_word' id='word_1_89' title='bbox 804 1573 970 1633; x_wconf 92' lang='lat' dir='ltr'>ostendere.</span> <span class='ocrx_word' id='word_1_90' title='bbox 1022 1573 1126 1650; x_wconf 90' lang='lat' dir='ltr'>quippe</span> 
     </span>
     <span class='ocr_line' id='line_1_14' title="bbox 122 1659 1127 1742; baseline -0.007 -17"><span class='ocrx_word' id='word_1_91' title='bbox 122 1682 191 1724; x_wconf 88' lang='lat' dir='ltr'>oum</span> <span class='ocrx_word' id='word_1_92' title='bbox 223 1669 341 1723; x_wconf 90' lang='lat' dir='ltr'>catenas</span> <span class='ocrx_word' id='word_1_93' title='bbox 374 1659 524 1720; x_wconf 87' lang='lat' dir='ltr'>morsibus</span> <span class='ocrx_word' id='word_1_94' title='bbox 556 1667 748 1742; x_wconf 82' lang='lat' dir='ltr'>temptarent,</span> <span class='ocrx_word' id='word_1_95' title='bbox 779 1662 928 1722; x_wconf 90' lang='lat' dir='ltr'>feritatem</span> <span class='ocrx_word' id='word_1_96' title='bbox 961 1679 1046 1721; x_wconf 90' lang='lat' dir='ltr'>suam</span> <span class='ocrx_word' id='word_1_97' title='bbox 1073 1662 1127 1739; x_wconf 91' lang='lat' dir='ltr'>ipsi</span> 
     </span>
     <span class='ocr_line' id='line_1_15' title="bbox 121 1750 292 1831; baseline -0.023 -19"><span class='ocrx_word' id='word_1_98' title='bbox 121 1750 292 1831; x_wconf 91' lang='lat' dir='ltr'>puniebant.</span> 
     </span>
    </p>
   </div>
   <div class='ocr_carea' id='block_1_5' title="bbox 121 1973 1130 2614">
    <p class='ocr_par' dir='ltr' id='par_1_6' title="bbox 121 1973 1130 2614">
     <span class='ocr_line' id='line_1_16' title="bbox 193 1973 1129 2044; baseline -0.004 -15"><span class='ocrx_word' id='word_1_99' title='bbox 193 1978 244 2029; x_wconf 80' lang='lat'>12</span> <span class='ocrx_word' id='word_1_100' title='bbox 269 1973 359 2029; x_wconf 81' lang='lat' dir='ltr'>exitus</span> <span class='ocrx_word' id='word_1_101' title='bbox 378 1973 406 2027; x_wconf 99' lang='grc' dir='ltr'><strong><em>Β</em></strong></span> <span class='ocrx_word' id='word_1_102' title='bbox 428 1974 438 2041; x_wconf 97' lang='grc'>11</span> <span class='ocrx_word' id='word_1_103' title='bbox 460 1978 476 2026; x_wconf 87' lang='grc'><strong>3</strong></span> <span class='ocrx_word' id='word_1_104' title='bbox 495 1973 661 2028; x_wconf 86' lang='lat' dir='ltr'>crediderim</span> <span class='ocrx_word' id='word_1_105' title='bbox 682 1977 721 2044; x_wconf 85' lang='lat' dir='ltr'>(re</span> <span class='ocrx_word' id='word_1_106' title='bbox 740 1981 887 2030; x_wconf 80' lang='lat' dir='ltr'>correctum</span> <span class='ocrx_word' id='word_1_107' title='bbox 905 1991 939 2028; x_wconf 78' lang='lat' dir='ltr'>ecc</span> <span class='ocrx_word' id='word_1_108' title='bbox 956 1975 982 2042; x_wconf 91' lang='lat' dir='ltr'>e)</span> <span class='ocrx_word' id='word_1_109' title='bbox 1001 1974 1029 2028; x_wconf 88' lang='lat' dir='ltr'><em>L</em></span> <span class='ocrx_word' id='word_1_110' title='bbox 1053 1976 1058 2042; x_wconf 97' lang='grc'>1</span> <span class='ocrx_word' id='word_1_111' title='bbox 1082 1988 1129 2026; x_wconf 91' lang='lat' dir='ltr'>nec</span> 
     </span>
     <span class='ocr_line' id='line_1_17' title="bbox 122 2043 1128 2116; baseline -0.004 -15"><span class='ocrx_word' id='word_1_112' title='bbox 122 2046 272 2102; x_wconf 84' lang='lat' dir='ltr'>classicum</span> <span class='ocrx_word' id='word_1_113' title='bbox 286 2044 383 2100; x_wconf 85' lang='lat' dir='ltr'>audire</span> <span class='ocrx_word' id='word_1_114' title='bbox 396 2043 555 2100; x_wconf 78' lang='lat' dir='ltr'>caluerunt.</span> <span class='ocrx_word' id='word_1_115' title='bbox 566 2043 606 2098; x_wconf 89' lang='lat' dir='ltr'>sio</span> <span class='ocrx_word' id='word_1_116' title='bbox 621 2063 638 2100; x_wconf 85' lang='lat' dir='ltr'>a</span> <span class='ocrx_word' id='word_1_117' title='bbox 651 2045 756 2100; x_wconf 86' lang='lat' dir='ltr'>marcio</span> <span class='ocrx_word' id='word_1_118' title='bbox 771 2043 896 2116; x_wconf 81' lang='lat' dir='ltr'>superati</span> <span class='ocrx_word' id='word_1_119' title='bbox 910 2047 984 2099; x_wconf 90' lang='lat' dir='ltr'>sunt.</span> <span class='ocrx_word' id='word_1_120' title='bbox 994 2046 1016 2099; x_wconf 93' lang='lat' dir='ltr'><strong><em>I</em></strong></span> <span class='ocrx_word' id='word_1_121' title='bbox 1027 2048 1032 2114; x_wconf 96' lang='grc'>1</span> <span class='ocrx_word' id='word_1_122' title='bbox 1047 2044 1128 2098; x_wconf 83' lang='lat' dir='ltr'>tubas</span> 
     </span>
     <span class='ocr_line' id='line_1_18' title="bbox 122 2114 1130 2189; baseline -0.007 -15"><span class='ocrx_word' id='word_1_123' title='bbox 122 2122 145 2189; x_wconf 88' lang='lat' dir='ltr'>(s</span> <span class='ocrx_word' id='word_1_124' title='bbox 164 2121 228 2174; x_wconf 83' lang='lat' dir='ltr'>add.</span> <span class='ocrx_word' id='word_1_125' title='bbox 242 2136 277 2173; x_wconf 86' lang='lat' dir='ltr'>m.</span> <span class='ocrx_word' id='word_1_126' title='bbox 292 2119 319 2187; x_wconf 90' lang='lat'>1)</span> <span class='ocrx_word' id='word_1_127' title='bbox 333 2117 361 2171; x_wconf 99' lang='grc' dir='ltr'><strong><em>Β</em></strong></span> <span class='ocrx_word' id='word_1_128' title='bbox 374 2115 473 2170; x_wconf 82' lang='lat' dir='ltr'>tubam</span> <span class='ocrx_word' id='word_1_129' title='bbox 489 2116 530 2187; x_wconf 92' lang='grc'>01</span> <span class='ocrx_word' id='word_1_130' title='bbox 546 2115 683 2171; x_wconf 89' lang='lat' dir='ltr'>sustinere</span> <span class='ocrx_word' id='word_1_131' title='bbox 697 2119 737 2186; x_wconf 89' lang='lat' dir='ltr'>(rc</span> <span class='ocrx_word' id='word_1_132' title='bbox 751 2118 814 2172; x_wconf 82' lang='lat' dir='ltr'>add.</span> <span class='ocrx_word' id='word_1_133' title='bbox 829 2134 863 2172; x_wconf 83' lang='lat' dir='ltr'>m.</span> <span class='ocrx_word' id='word_1_134' title='bbox 878 2119 905 2185; x_wconf 88' lang='lat'>1)</span> <span class='ocrx_word' id='word_1_135' title='bbox 918 2117 946 2169; x_wconf 94' lang='grc' dir='ltr'><strong><em>Β</em></strong></span> <span class='ocrx_word' id='word_1_136' title='bbox 960 2118 970 2184; x_wconf 95' lang='grc'>1</span> <span class='ocrx_word' id='word_1_137' title='bbox 983 2121 1001 2168; x_wconf 88' lang='grc'>4</span> <span class='ocrx_word' id='word_1_138' title='bbox 1015 2114 1130 2170; x_wconf 87' lang='lat' dir='ltr'>incussit</span> 
     </span>
     <span class='ocr_line' id='line_1_19' title="bbox 122 2186 1129 2260; baseline -0.005 -15"><span class='ocrx_word' id='word_1_139' title='bbox 122 2193 214 2260; x_wconf 76' lang='lat' dir='ltr'>(prior</span> <span class='ocrx_word' id='word_1_140' title='bbox 237 2207 249 2243; x_wconf 98' lang='lat' dir='ltr'>s</span> <span class='ocrx_word' id='word_1_141' title='bbox 273 2195 391 2244; x_wconf 70' lang='lat' dir='ltr'>carecta</span> <span class='ocrx_word' id='word_1_142' title='bbox 414 2205 447 2242; x_wconf 78' lang='lat' dir='ltr'>ec</span> <span class='ocrx_word' id='word_1_143' title='bbox 469 2206 484 2241; x_wconf 87' lang='lat' dir='ltr'>r</span> <span class='ocrx_word' id='word_1_144' title='bbox 505 2205 540 2242; x_wconf 86' lang='lat' dir='ltr'>m.</span> <span class='ocrx_word' id='word_1_145' title='bbox 559 2191 586 2257; x_wconf 89' lang='lat'>1)</span> <span class='ocrx_word' id='word_1_146' title='bbox 605 2188 633 2241; x_wconf 95' lang='grc' dir='ltr'><strong><em>Β</em></strong></span> <span class='ocrx_word' id='word_1_147' title='bbox 657 2190 662 2258; x_wconf 98' lang='grc'>1</span> <span class='ocrx_word' id='word_1_148' title='bbox 687 2186 848 2242; x_wconf 82' lang='lat' dir='ltr'>chornidius</span> <span class='ocrx_word' id='word_1_149' title='bbox 866 2187 896 2256; x_wconf 84' lang='lat' dir='ltr'>(h</span> <span class='ocrx_word' id='word_1_150' title='bbox 913 2204 1001 2256; x_wconf 66' lang='lat' dir='ltr'>surpra</span> <span class='ocrx_word' id='word_1_151' title='bbox 1017 2189 1129 2255; x_wconf 64' lang='lat' dir='ltr'>emaum)</span> 
     </span>
     <span class='ocr_line' id='line_1_20' title="bbox 121 2257 1128 2328; baseline -0.007 -11"><span class='ocrx_word' id='word_1_152' title='bbox 121 2264 149 2317; x_wconf 94' lang='grc' dir='ltr'><strong><em>Β</em></strong></span> <span class='ocrx_word' id='word_1_153' title='bbox 181 2259 329 2315; x_wconf 89' lang='lat' dir='ltr'>chonidius</span> <span class='ocrx_word' id='word_1_154' title='bbox 357 2257 382 2314; x_wconf 91' lang='grc'>0</span> <span class='ocrx_word' id='word_1_155' title='bbox 409 2257 552 2313; x_wconf 81' lang='lat' dir='ltr'>Comidius</span> <span class='ocrx_word' id='word_1_156' title='bbox 579 2259 782 2328; x_wconf 77' lang='lat' dir='ltr'>Mornmsencs,</span> <span class='ocrx_word' id='word_1_157' title='bbox 813 2257 954 2313; x_wconf 76' lang='lat' dir='ltr'>Cottidius</span> <span class='ocrx_word' id='word_1_158' title='bbox 983 2258 1025 2326; x_wconf 90' lang='grc'>10.</span> <span class='ocrx_word' id='word_1_159' title='bbox 1050 2260 1075 2313; x_wconf 90' lang='lat'>1.</span> <span class='ocrx_word' id='word_1_160' title='bbox 1099 2257 1128 2311; x_wconf 92' lang='lat' dir='ltr'>L.</span> 
     </span>
     <span class='ocr_line' id='line_1_21' title="bbox 128 2327 1129 2402; baseline -0.006 -14"><span class='ocrx_word' id='word_1_161' title='bbox 128 2333 208 2388; x_wconf 86' lang='lat' dir='ltr'><strong><em>VIII</em></strong></span> <span class='ocrx_word' id='word_1_162' title='bbox 226 2334 291 2402; x_wconf 81' lang='lat'>979)</span> <span class='ocrx_word' id='word_1_163' title='bbox 319 2331 360 2386; x_wconf 88' lang='lat' dir='ltr'>cel</span> <span class='ocrx_word' id='word_1_164' title='bbox 387 2327 554 2385; x_wconf 80' lang='lat' dir='ltr'>Considius?</span> <span class='ocrx_word' id='word_1_165' title='bbox 581 2331 591 2399; x_wconf 92' lang='lat' dir='ltr'>l</span> <span class='ocrx_word' id='word_1_166' title='bbox 618 2334 634 2382; x_wconf 81' lang='grc' dir='ltr'>ὁ</span> <span class='ocrx_word' id='word_1_167' title='bbox 663 2330 738 2400; x_wconf 84' lang='lat' dir='ltr'>apud</span> <span class='ocrx_word' id='word_1_168' title='bbox 764 2346 847 2400; x_wconf 84' lang='lat' dir='ltr'>pares</span> <span class='ocrx_word' id='word_1_169' title='bbox 877 2329 900 2385; x_wconf 92' lang='grc'>0</span> <span class='ocrx_word' id='word_1_170' title='bbox 926 2330 931 2400; x_wconf 88' lang='grc' dir='ltr'>Ι</span> <span class='ocrx_word' id='word_1_171' title='bbox 960 2327 1129 2383; x_wconf 85' lang='lat' dir='ltr'>stoliditates</span> 
     </span>
     <span class='ocr_line' id='line_1_22' title="bbox 122 2398 1129 2472; baseline -0.005 -15"><span class='ocrx_word' id='word_1_172' title='bbox 122 2406 149 2472; x_wconf 87' lang='lat' dir='ltr'>(a</span> <span class='ocrx_word' id='word_1_173' title='bbox 171 2405 203 2457; x_wconf 75' lang='lat' dir='ltr'>irc</span> <span class='ocrx_word' id='word_1_174' title='bbox 220 2402 231 2455; x_wconf 92' lang='lat' dir='ltr'>i</span> <span class='ocrx_word' id='word_1_175' title='bbox 249 2404 365 2471; x_wconf 80' lang='lat' dir='ltr'>mutata)</span> <span class='ocrx_word' id='word_1_176' title='bbox 384 2401 412 2455; x_wconf 97' lang='grc' dir='ltr'><strong><em>Β</em></strong></span> <span class='ocrx_word' id='word_1_177' title='bbox 431 2399 597 2456; x_wconf 88' lang='lat' dir='ltr'>stodilitatis</span> <span class='ocrx_word' id='word_1_178' title='bbox 615 2403 648 2456; x_wconf 75' lang='lat' dir='ltr'>icc</span> <span class='ocrx_word' id='word_1_179' title='bbox 666 2399 833 2456; x_wconf 80' lang='lat' dir='ltr'>stoliditatis</span> <span class='ocrx_word' id='word_1_180' title='bbox 851 2402 968 2457; x_wconf 78' lang='lat' dir='ltr'>mutabit</span> <span class='ocrx_word' id='word_1_181' title='bbox 987 2401 1021 2454; x_wconf 90' lang='lat' dir='ltr'><strong><em>N</em></strong></span> <span class='ocrx_word' id='word_1_182' title='bbox 1026 2402 1035 2431; x_wconf 92' lang='lat'>¹</span> <span class='ocrx_word' id='word_1_183' title='bbox 1055 2398 1129 2454; x_wconf 85' lang='lat' dir='ltr'>stoli-</span> 
     </span>
     <span class='ocr_line' id='line_1_23' title="bbox 123 2473 1130 2543; baseline -0.002 -16"><span class='ocrx_word' id='word_1_184' title='bbox 123 2473 198 2527; x_wconf 83' lang='lat' dir='ltr'>ditas</span> <span class='ocrx_word' id='word_1_185' title='bbox 217 2473 244 2526; x_wconf 98' lang='lat' dir='ltr'><strong><em>L</em></strong></span> <span class='ocrx_word' id='word_1_186' title='bbox 266 2477 276 2541; x_wconf 97' lang='grc'>11</span> <span class='ocrx_word' id='word_1_187' title='bbox 298 2478 314 2526; x_wconf 86' lang='grc'><strong>6</strong></span> <span class='ocrx_word' id='word_1_188' title='bbox 338 2488 437 2543; x_wconf 84' lang='lat' dir='ltr'>gerens</span> <span class='ocrx_word' id='word_1_189' title='bbox 460 2473 534 2542; x_wconf 89' lang='lat' dir='ltr'>(rens</span> <span class='ocrx_word' id='word_1_190' title='bbox 556 2490 590 2527; x_wconf 85' lang='lat' dir='ltr'>m.</span> <span class='ocrx_word' id='word_1_191' title='bbox 611 2477 628 2526; x_wconf 89' lang='lat'><strong><em>1</em></strong></span> <span class='ocrx_word' id='word_1_192' title='bbox 650 2475 683 2527; x_wconf 78' lang='lat' dir='ltr'>ic</span> <span class='ocrx_word' id='word_1_193' title='bbox 704 2475 815 2542; x_wconf 73' lang='lat' dir='ltr'>castora)</span> <span class='ocrx_word' id='word_1_194' title='bbox 833 2473 861 2526; x_wconf 94' lang='grc' dir='ltr'><strong><em>Β</em></strong></span> <span class='ocrx_word' id='word_1_195' title='bbox 882 2488 981 2543; x_wconf 83' lang='lat' dir='ltr'>gerens</span> <span class='ocrx_word' id='word_1_196' title='bbox 1001 2474 1030 2541; x_wconf 89' lang='grc'>11</span> <span class='ocrx_word' id='word_1_197' title='bbox 1048 2488 1130 2541; x_wconf 75' lang='lat' dir='ltr'>supra</span> 
     </span>
     <span class='ocr_line' id='line_1_24' title="bbox 122 2540 1128 2614; baseline -0.003 -15"><span class='ocrx_word' id='word_1_198' title='bbox 122 2546 237 2613; x_wconf 80' lang='lat' dir='ltr'>versum)</span> <span class='ocrx_word' id='word_1_199' title='bbox 259 2543 286 2596; x_wconf 95' lang='lat' dir='ltr'><strong><em>L</em></strong></span> <span class='ocrx_word' id='word_1_200' title='bbox 306 2543 310 2614; x_wconf 94' lang='grc'>1</span> <span class='ocrx_word' id='word_1_201' title='bbox 331 2542 496 2597; x_wconf 83' lang='lat' dir='ltr'>suscitatam</span> <span class='ocrx_word' id='word_1_202' title='bbox 519 2545 597 2596; x_wconf 90' lang='lat' dir='ltr'>motu</span> <span class='ocrx_word' id='word_1_203' title='bbox 622 2543 671 2611; x_wconf 96' lang='grc'>01</span> <span class='ocrx_word' id='word_1_204' title='bbox 694 2551 709 2598; x_wconf 79' lang='lat'><strong>7</strong></span> <span class='ocrx_word' id='word_1_205' title='bbox 733 2543 871 2597; x_wconf 82' lang='lat' dir='ltr'>fundebat</span> <span class='ocrx_word' id='word_1_206' title='bbox 895 2543 986 2613; x_wconf 89' lang='grc'>0118</span> <span class='ocrx_word' id='word_1_207' title='bbox 1010 2540 1128 2612; x_wconf 68' lang='grc'>(1101</span> 
     </span>
    </p>
   </div>
   <div class='ocr_carea' id='block_1_6' title="bbox 121 2617 1130 3343">
    <p class='ocr_par' dir='ltr' id='par_1_7' title="bbox 121 2617 1130 3343">
     <span class='ocr_line' id='line_1_25' title="bbox 121 2617 1130 2702; baseline -0.003 -15"><span class='ocrx_word' id='word_1_208' title='bbox 121 2617 304 2687; x_wconf 74' lang='lat' dir='ltr'>bnacmcum</span> <span class='ocrx_word' id='word_1_209' title='bbox 321 2633 354 2699; x_wconf 80' lang='grc' dir='ltr'>(Η</span> <span class='ocrx_word' id='word_1_210' title='bbox 372 2634 519 2701; x_wconf 72' lang='lat' dir='ltr'>expuncto)</span> <span class='ocrx_word' id='word_1_211' title='bbox 532 2633 560 2686; x_wconf 94' lang='grc' dir='ltr'><strong><em>Β</em></strong></span> <span class='ocrx_word' id='word_1_212' title='bbox 574 2633 613 2701; x_wconf 83' lang='grc'>119</span> <span class='ocrx_word' id='word_1_213' title='bbox 631 2631 753 2686; x_wconf 80' lang='lat' dir='ltr'>Thraces</span> <span class='ocrx_word' id='word_1_214' title='bbox 772 2649 821 2687; x_wconf 87' lang='lat' dir='ltr'>om.</span> <span class='ocrx_word' id='word_1_215' title='bbox 839 2632 878 2702; x_wconf 91' lang='grc'>01</span> <span class='ocrx_word' id='word_1_216' title='bbox 895 2649 958 2686; x_wconf 92' lang='lat' dir='ltr'>cum</span> <span class='ocrx_word' id='word_1_217' title='bbox 971 2637 1036 2686; x_wconf 76' lang='lat' dir='ltr'>aete</span> <span class='ocrx_word' id='word_1_218' title='bbox 1051 2632 1130 2684; x_wconf 82' lang='lat' dir='ltr'>autea</span> 
     </span>
     <span class='ocr_line' id='line_1_26' title="bbox 123 2703 1129 2771; baseline -0.006 -11"><span class='ocrx_word' id='word_1_219' title='bbox 123 2705 187 2760; x_wconf 84' lang='lat' dir='ltr'>cdd.</span> <span class='ocrx_word' id='word_1_220' title='bbox 203 2703 334 2756; x_wconf 71' lang='lat' dir='ltr'>Halmius</span> <span class='ocrx_word' id='word_1_221' title='bbox 352 2704 446 2755; x_wconf 85' lang='lat' dir='ltr'>autem</span> <span class='ocrx_word' id='word_1_222' title='bbox 465 2705 528 2758; x_wconf 79' lang='lat' dir='ltr'>cdd.</span> <span class='ocrx_word' id='word_1_223' title='bbox 543 2704 565 2756; x_wconf 94' lang='grc'>1</span> <span class='ocrx_word' id='word_1_224' title='bbox 579 2705 608 2756; x_wconf 89' lang='lat' dir='ltr'>ct</span> <span class='ocrx_word' id='word_1_225' title='bbox 625 2710 689 2758; x_wconf 77' lang='lat' dir='ltr'>aete</span> <span class='ocrx_word' id='word_1_226' title='bbox 705 2705 767 2757; x_wconf 86' lang='lat' dir='ltr'>tum</span> <span class='ocrx_word' id='word_1_227' title='bbox 782 2704 900 2758; x_wconf 76' lang='lat' dir='ltr'>Iobates</span> <span class='ocrx_word' id='word_1_228' title='bbox 915 2706 919 2771; x_wconf 94' lang='grc'>1</span> <span class='ocrx_word' id='word_1_229' title='bbox 936 2715 1129 2756; x_wconf 77' lang='lat' dir='ltr'>anunsssusu</span> 
     </span>
     <span class='ocr_line' id='line_1_27' title="bbox 123 2773 1130 2843; baseline -0.006 -13"><span class='ocrx_word' id='word_1_230' title='bbox 123 2773 247 2832; x_wconf 75' lang='lat' dir='ltr'>cirum</span> <span class='ocrx_word' id='word_1_231' title='bbox 264 2787 309 2826; x_wconf 84' lang='lat' dir='ltr'>uu</span> <span class='ocrx_word' id='word_1_232' title='bbox 325 2786 467 2827; x_wconf 78' lang='lat' dir='ltr'>morcon·</span> <span class='ocrx_word' id='word_1_233' title='bbox 487 2787 823 2843; x_wconf 80' lang='lat' dir='ltr'>nnso1unaaur1nnn·,·</span> <span class='ocrx_word' id='word_1_234' title='bbox 839 2774 873 2828; x_wconf 90' lang='lat' dir='ltr'><strong><em>N</em></strong></span> <span class='ocrx_word' id='word_1_235' title='bbox 882 2773 956 2828; x_wconf 87' lang='lat' dir='ltr'>Ante</span> <span class='ocrx_word' id='word_1_236' title='bbox 974 2773 1026 2827; x_wconf 84' lang='lat' dir='ltr'>hos</span> <span class='ocrx_word' id='word_1_237' title='bbox 1036 2796 1054 2821; x_wconf 76' lang='grc' dir='ltr'><strong>τ</strong></span> <span class='ocrx_word' id='word_1_238' title='bbox 1065 2775 1130 2826; x_wconf 81' lang='lat' dir='ltr'>stra-</span> 
     </span>
     <span class='ocr_line' id='line_1_28' title="bbox 123 2842 1130 2918; baseline -0.004 -19"><span class='ocrx_word' id='word_1_239' title='bbox 123 2864 190 2918; x_wconf 78' lang='lat' dir='ltr'>gum</span> <span class='ocrx_word' id='word_1_240' title='bbox 206 2842 328 2899; x_wconf 86' lang='lat' dir='ltr'>maxima</span> <span class='ocrx_word' id='word_1_241' title='bbox 342 2843 461 2912; x_wconf 89' lang='lat' dir='ltr'>populus</span> <span class='ocrx_word' id='word_1_242' title='bbox 476 2844 634 2899; x_wconf 85' lang='lat' dir='ltr'>desciuerat</span> <span class='ocrx_word' id='word_1_243' title='bbox 646 2843 696 2899; x_wconf 90' lang='lat' dir='ltr'>illa</span> <span class='ocrx_word' id='word_1_244' title='bbox 708 2846 736 2900; x_wconf 92' lang='lat' dir='ltr'><strong><em>L</em></strong></span> <span class='ocrx_word' id='word_1_245' title='bbox 751 2848 756 2914; x_wconf 95' lang='grc'>1</span> <span class='ocrx_word' id='word_1_246' title='bbox 771 2847 839 2900; x_wconf 90' lang='lat' dir='ltr'>tunc</span> <span class='ocrx_word' id='word_1_247' title='bbox 851 2847 948 2899; x_wconf 85' lang='lat' dir='ltr'>tamen</span> <span class='ocrx_word' id='word_1_248' title='bbox 960 2843 1130 2898; x_wconf 84' lang='lat' dir='ltr'>romaatalca</span> 
     </span>
     <span class='ocr_line' id='line_1_29' title="bbox 123 2913 1130 2984; baseline -0.006 -11"><span class='ocrx_word' id='word_1_249' title='bbox 123 2935 153 2973; x_wconf 90' lang='lat' dir='ltr'>re</span> <span class='ocrx_word' id='word_1_250' title='bbox 193 2918 259 2971; x_wconf 87' lang='lat' dir='ltr'>ante</span> <span class='ocrx_word' id='word_1_251' title='bbox 278 2913 333 2969; x_wconf 89' lang='lat' dir='ltr'>sibi</span> <span class='ocrx_word' id='word_1_252' title='bbox 352 2931 369 2967; x_wconf 86' lang='lat' dir='ltr'>a</span> <span class='ocrx_word' id='word_1_253' title='bbox 387 2915 510 2968; x_wconf 88' lang='lat' dir='ltr'>romanis</span> <span class='ocrx_word' id='word_1_254' title='bbox 529 2915 690 2971; x_wconf 89' lang='lat' dir='ltr'>disciscunt.</span> <span class='ocrx_word' id='word_1_255' title='bbox 705 2933 771 2970; x_wconf 85' lang='lat' dir='ltr'>nam</span> <span class='ocrx_word' id='word_1_256' title='bbox 785 2916 809 2971; x_wconf 86' lang='lat' dir='ltr'>is</span> <span class='ocrx_word' id='word_1_257' title='bbox 823 2916 959 2971; x_wconf 87' lang='lat' dir='ltr'>barbaros</span> <span class='ocrx_word' id='word_1_258' title='bbox 973 2918 995 2971; x_wconf 94' lang='lat' dir='ltr'><strong><em>I</em></strong></span> <span class='ocrx_word' id='word_1_259' title='bbox 1006 2918 1010 2984; x_wconf 96' lang='grc'>1</span> <span class='ocrx_word' id='word_1_260' title='bbox 1026 2914 1130 2969; x_wconf 75' lang='lat' dir='ltr'>rhome</span> 
     </span>
     <span class='ocr_line' id='line_1_30' title="bbox 123 2983 1129 3057; baseline -0.005 -13"><span class='ocrx_word' id='word_1_261' title='bbox 123 2993 155 3044; x_wconf 84' lang='lat' dir='ltr'>ta</span> <span class='ocrx_word' id='word_1_262' title='bbox 167 3005 198 3043; x_wconf 90' lang='lat' dir='ltr'>ca</span> <span class='ocrx_word' id='word_1_263' title='bbox 216 2989 245 3042; x_wconf 95' lang='grc' dir='ltr'><strong><em>Β</em></strong></span> <span class='ocrx_word' id='word_1_264' title='bbox 265 2984 437 3041; x_wconf 81' lang='lat' dir='ltr'>romaetalca</span> <span class='ocrx_word' id='word_1_265' title='bbox 455 2988 543 3054; x_wconf 87' lang='grc'>11110</span> <span class='ocrx_word' id='word_1_266' title='bbox 561 2986 710 3048; x_wconf 84' lang='lat' dir='ltr'>Barbarus</span> <span class='ocrx_word' id='word_1_267' title='bbox 725 2987 764 3051; x_wconf 90' lang='grc'>01</span> <span class='ocrx_word' id='word_1_268' title='bbox 781 2989 810 3042; x_wconf 92' lang='lat' dir='ltr'>et</span> <span class='ocrx_word' id='word_1_269' title='bbox 827 2986 979 3057; x_wconf 88' lang='lat' dir='ltr'>disciplina</span> <span class='ocrx_word' id='word_1_270' title='bbox 998 2989 1028 3041; x_wconf 89' lang='lat' dir='ltr'>at</span> <span class='ocrx_word' id='word_1_271' title='bbox 1046 2983 1129 3057; x_wconf 79' lang='lat' dir='ltr'>signis</span> 
     </span>
     <span class='ocr_line' id='line_1_31' title="bbox 123 3056 1127 3129; baseline -0.003 -15"><span class='ocrx_word' id='word_1_272' title='bbox 123 3058 295 3114; x_wconf 89' lang='lat' dir='ltr'>militaribus</span> <span class='ocrx_word' id='word_1_273' title='bbox 314 3059 336 3111; x_wconf 95' lang='lat' dir='ltr'><strong><em>I</em></strong></span> <span class='ocrx_word' id='word_1_274' title='bbox 353 3060 362 3126; x_wconf 97' lang='grc'>11</span> <span class='ocrx_word' id='word_1_275' title='bbox 385 3062 417 3110; x_wconf 91' lang='grc'>11</span> <span class='ocrx_word' id='word_1_276' title='bbox 442 3056 526 3111; x_wconf 89' lang='lat' dir='ltr'>armis</span> <span class='ocrx_word' id='word_1_277' title='bbox 549 3057 636 3112; x_wconf 87' lang='lat' dir='ltr'>etiam</span> <span class='ocrx_word' id='word_1_278' title='bbox 658 3057 782 3112; x_wconf 86' lang='lat' dir='ltr'>romanis</span> <span class='ocrx_word' id='word_1_279' title='bbox 803 3076 853 3114; x_wconf 84' lang='lat' dir='ltr'>om.</span> <span class='ocrx_word' id='word_1_280' title='bbox 873 3061 914 3129; x_wconf 97' lang='grc'>11</span> <span class='ocrx_word' id='word_1_281' title='bbox 935 3058 1107 3112; x_wconf 87' lang='lat' dir='ltr'>assuath</span> <span class='ocrx_word' id='word_1_282' title='bbox 1125 3056 1127 3123; x_wconf 86' lang='grc'>1</span> 
     </span>
     <span class='ocr_line' id='line_1_32' title="bbox 124 3127 1130 3199; baseline -0.007 -13"><span class='ocrx_word' id='word_1_283' title='bbox 124 3132 174 3186; x_wconf 90' lang='lat' dir='ltr'>sed</span> <span class='ocrx_word' id='word_1_284' title='bbox 190 3131 235 3186; x_wconf 84' lang='lat'>01</span> <span class='ocrx_word' id='word_1_285' title='bbox 244 3134 253 3197; x_wconf 89' lang='grc'>1</span> <span class='ocrx_word' id='word_1_286' title='bbox 269 3135 300 3182; x_wconf 77' lang='lat'>12</span> <span class='ocrx_word' id='word_1_287' title='bbox 321 3127 508 3189; x_wconf 83' lang='lat' dir='ltr'>ostendebant</span> <span class='ocrx_word' id='word_1_288' title='bbox 521 3130 543 3182; x_wconf 91' lang='lat' dir='ltr'><strong><em>I</em></strong></span> <span class='ocrx_word' id='word_1_289' title='bbox 552 3131 561 3198; x_wconf 97' lang='grc'>11</span> <span class='ocrx_word' id='word_1_290' title='bbox 576 3134 608 3182; x_wconf 89' lang='grc'>13</span> <span class='ocrx_word' id='word_1_291' title='bbox 622 3146 690 3183; x_wconf 86' lang='lat' dir='ltr'>nam</span> <span class='ocrx_word' id='word_1_292' title='bbox 703 3132 818 3184; x_wconf 86' lang='lat' dir='ltr'>catenas</span> <span class='ocrx_word' id='word_1_293' title='bbox 832 3129 934 3199; x_wconf 89' lang='lat' dir='ltr'>quibus</span> <span class='ocrx_word' id='word_1_294' title='bbox 949 3129 1040 3199; x_wconf 79' lang='lat' dir='ltr'>legati</span> <span class='ocrx_word' id='word_1_295' title='bbox 1054 3127 1130 3183; x_wconf 87' lang='lat' dir='ltr'>erant</span> 
     </span>
     <span class='ocr_line' id='line_1_33' title="bbox 124 3199 1128 3271; baseline -0.004 -15"><span class='ocrx_word' id='word_1_296' title='bbox 124 3201 262 3257; x_wconf 85' lang='lat' dir='ltr'>morsibus</span> <span class='ocrx_word' id='word_1_297' title='bbox 281 3199 446 3254; x_wconf 85' lang='lat' dir='ltr'>uellicantes</span> <span class='ocrx_word' id='word_1_298' title='bbox 465 3201 487 3253; x_wconf 95' lang='lat' dir='ltr'><strong><em>I</em></strong></span> <span class='ocrx_word' id='word_1_299' title='bbox 504 3207 508 3258; x_wconf 93' lang='grc'>1</span> <span class='ocrx_word' id='word_1_300' title='bbox 531 3199 669 3254; x_wconf 87' lang='lat' dir='ltr'>morsibus</span> <span class='ocrx_word' id='word_1_301' title='bbox 689 3203 779 3271; x_wconf 80' lang='lat' dir='ltr'>(prior</span> <span class='ocrx_word' id='word_1_302' title='bbox 798 3218 811 3255; x_wconf 90' lang='lat' dir='ltr'>s</span> <span class='ocrx_word' id='word_1_303' title='bbox 828 3218 915 3271; x_wconf 76' lang='lat' dir='ltr'>supra</span> <span class='ocrx_word' id='word_1_304' title='bbox 933 3217 1040 3257; x_wconf 71' lang='lat' dir='ltr'>ocrem</span> <span class='ocrx_word' id='word_1_305' title='bbox 1057 3218 1089 3254; x_wconf 84' lang='lat' dir='ltr'>m.</span> <span class='ocrx_word' id='word_1_306' title='bbox 1104 3200 1128 3266; x_wconf 86' lang='grc'>1)</span> 
     </span>
     <span class='ocr_line' id='line_1_34' title="bbox 125 3270 1052 3343; baseline -0.001 -16"><span class='ocrx_word' id='word_1_307' title='bbox 125 3274 158 3327; x_wconf 88' lang='lat' dir='ltr'><em>N</em></span> <span class='ocrx_word' id='word_1_308' title='bbox 175 3276 179 3343; x_wconf 97' lang='grc'>1</span> <span class='ocrx_word' id='word_1_309' title='bbox 199 3272 268 3343; x_wconf 90' lang='lat' dir='ltr'>ipsis</span> <span class='ocrx_word' id='word_1_310' title='bbox 287 3271 314 3324; x_wconf 97' lang='lat' dir='ltr'><strong><em>L</em></strong></span> <span class='ocrx_word' id='word_1_311' title='bbox 331 3275 341 3341; x_wconf 95' lang='grc'>1</span> <span class='ocrx_word' id='word_1_312' title='bbox 360 3276 394 3324; x_wconf 88' lang='grc'>14</span> <span class='ocrx_word' id='word_1_313' title='bbox 411 3270 568 3340; x_wconf 84' lang='lat' dir='ltr'>puniebant</span> <span class='ocrx_word' id='word_1_314' title='bbox 587 3273 733 3341; x_wconf 81' lang='lat' dir='ltr'>(posterior</span> <span class='ocrx_word' id='word_1_315' title='bbox 750 3290 770 3326; x_wconf 91' lang='lat' dir='ltr'>n</span> <span class='ocrx_word' id='word_1_316' title='bbox 787 3289 872 3343; x_wconf 82' lang='lat' dir='ltr'>cupro</span> <span class='ocrx_word' id='word_1_317' title='bbox 889 3273 1005 3342; x_wconf 65' lang='lat' dir='ltr'>sermm)</span> <span class='ocrx_word' id='word_1_318' title='bbox 1024 3273 1052 3326; x_wconf 94' lang='grc' dir='ltr'><strong><em>Β</em></strong></span> 
     </span>
    </p>
   </div>
   <div class='ocr_carea' id='block_1_7' title="bbox 0 0 1179 3922">
    <p class='ocr_par' dir='ltr' id='par_1_8' title="bbox 0 0 1179 3922">
     <span class='ocr_line' id='line_1_35' title="bbox 0 0 1179 3922; baseline 0 0"><span class='ocrx_word' id='word_1_319' title='bbox 0 0 1179 3922; x_wconf 95' lang='lat' dir='ltr'> </span> 
     </span>
    </p>
   </div>
  </div>
 </body>
</html>
