2334 3922
111 155 175 220 178
473 158 584 210 FLORI
601 160 761 211 EPITOIIA

53 337 91 385 45
111 323 218 384 Caesar
236 330 387 384 recreatus
407 329 454 384 est
471 343 507 384 ex
526 322 648 383 vulnere
662 325 693 383 in
707 330 834 405 tempus,
854 331 952 384 setar.
986 331 1114 386 ceterum

108 411 252 472 barbarus
271 412 402 491 undique
421 413 530 473 infesto
550 414 682 474 exercitu
702 430 864 491 oppressus
882 412 979 492 gladio
995 421 1025 474 et
1039 432 1114 495 pyra,

109 503 140 560 in
164 519 252 580 quam
275 519 306 561 se
330 519 490 580 percussus
513 503 637 583 inmisit,
660 503 814 579 superstiti
837 504 926 562 etiam
950 521 1030 562 nuno
1049 503 1114 564 Cae-

109 592 170 650 sari
193 590 345 650 satisfecit.

161 836 288 897 XXXIII.
320 836 469 897 BELLVM
491 835 752 897 CANTABRICVII
775 836 823 896 ΕΤ
846 837 1065 900 AS'IVRICVM.
1134 853 1143 893 ⁵

56 997 90 1045 te
176 980 236 1040 Sub
256 999 363 1041 occasu
380 988 482 1059 pacata
501 987 564 1039 erat
582 980 644 1039 fere
664 981 759 1039 omnis
778 978 928 1061 Hispania,
952 983 1013 1041 nisi
1032 1000 1114 1060 quam

108 1068 251 1149 Pyrenaei
274 1070 438 1130 desinentis
461 1067 591 1147 scopulis
614 1068 818 1128 Inhaerentem
841 1070 963 1129 citerior
982 1069 1114 1130 adluebat

109 1156 252 1218 Oceanus.
285 1158 333 1219 hic
352 1158 426 1218 duae
441 1157 637 1217 validissimae
657 1163 770 1238 gentes,
789 1156 928 1217 Cantabri
943 1166 973 1218 et
986 1159 1114 1238 Astures,

56 1260 90 1308 47
108 1249 255 1307 immunes
291 1248 411 1326 imperii
447 1245 604 1325 agitabant.
658 1245 872 1306 Cantabrorum
908 1253 939 1306 et
973 1249 1057 1326 prior
1088 1257 1115 1307 et

110 1337 205 1396 acrior
233 1342 263 1395 et
288 1337 383 1414 magis
409 1337 545 1414 pertinax
572 1337 603 1394 in
630 1334 799 1395 rebellando
826 1336 943 1395 animus
968 1336 1038 1416 fuit,
1066 1339 1113 1415 qui
1126 1351 1144 1388 ιο

109 1442 169 1484 111
201 1427 333 1486 contenti
363 1423 531 1484 libertatem
559 1441 643 1484 suam
670 1424 828 1484 defendere
856 1426 1003 1502 proximis
1030 1427 1116 1485 etiam

109 1515 280 1592 imperitare
303 1512 487 1591 temptabant
505 1513 708 1591 Vaccaeosque
732 1519 762 1573 et
783 1512 947 1591 Turmogos
972 1519 1002 1573 et
1020 1514 1114 1573 dutri-

56 1620 90 1668 48
109 1619 200 1679 gonas
224 1602 337 1662 crebris
359 1601 579 1662 incursionibus
598 1600 766 1680 fatigabant.
803 1603 834 1660 in
853 1601 907 1660 hos
925 1603 1026 1682 igitur,
1050 1604 1115 1681 quia

111 1690 314 1750 vehementius
343 1707 429 1768 agere
456 1688 681 1772 nuntiabantur,
708 1708 768 1750 non
795 1689 930 1750 mandata
959 1690 1116 1771 expeditio,

112 1778 164 1838 sed
184 1785 300 1856 sumpta
319 1786 372 1838 est.
409 1780 473 1857 ipse
492 1780 573 1838 venit
591 1778 781 1859 Segisamam,
804 1785 901 1839 castra
919 1782 1029 1860 posuit,
1049 1779 1147 1840 inde15

109 1868 258 1945 tripertito
297 1868 429 1926 exercitu
465 1874 557 1928 totam
592 1867 779 1928 Cantabriam
812 1867 965 1946 amplexus
999 1868 1118 1928 elleram

56 1972 91 2021 49
110 1963 228 2034 gentem
250 1957 312 2015 ritu
333 1956 463 2016 ferarum
487 1957 572 2035 quasi
591 1957 716 2035 quadam
735 1955 859 2034 cogebat
877 1956 1026 2035 indagine.
1064 1975 1117 2017 nec

110 2043 146 2104 ab
170 2042 286 2105 Oceano
315 2046 413 2126 quies,
447 2063 514 2105 cum
541 2045 649 2105 infesta
676 2044 768 2105 classe
797 2047 861 2123 ipsa
890 2064 1008 2124 quoque
1036 2052 1118 2124 terga

183 2255 196 2303 1
217 2252 389 2305 arrecreetus
408 2251 433 2320 (c
451 2266 537 2319 supra
551 2252 672 2320 primam
689 2269 704 2304 r
722 2269 755 2306 m.
771 2253 800 2320 2)
815 2251 849 2304 N
862 2266 924 2304 sare
944 2254 1056 2304 oreatus
1072 2251 1116 2305 Ll

110 2323 252 2376 recreatus
267 2354 298 2362 -
313 2321 451 2391 profundo
471 2323 512 2391 (p.
526 2326 590 2390 181,
604 2324 631 2392 6)
650 2324 761 2391 scripsit
777 2322 805 2374 B
811 2322 819 2352 ¹
835 2324 839 2391 Ι
856 2321 959 2376 Caesar
976 2325 1120 2376 recreatus

111 2409 145 2447 ex
166 2392 289 2447 vulnere
303 2391 333 2446 in
355 2394 466 2461 tempus
489 2408 630 2463 regressus
653 2392 684 2446 in
702 2393 811 2462 Syriam
835 2391 967 2447 occubuit
990 2411 1023 2448 ea
1042 2393 1121 2460 Rufo

110 2464 252 2533 Sauppius
267 2466 271 2533 Ι
289 2465 332 2517 est
350 2481 399 2518 om.
415 2464 441 2517 L
457 2466 461 2532 Ι
478 2480 512 2517 ex
529 2481 579 2520 au.
594 2464 635 2518 B¹
652 2468 655 2531 Ι
671 2463 702 2516 in
719 2465 844 2534 tempore
858 2464 884 2517 L
900 2466 904 2532 Ι
921 2466 949 2517 et
962 2464 1004 2517 Bl
1017 2481 1070 2518 om.
1087 2465 1119 2520 0:

110 2551 179 2589 corr.
204 2541 229 2587 et
251 2535 378 2589 lmuuaur
400 2536 535 2591 iudicauit
556 2536 687 2604 Iahnius,
711 2553 735 2590 a.
754 2536 849 2601 Rufus
872 2537 888 2589 l.
908 2552 929 2589 1.
954 2541 979 2589 et
1003 2535 1122 2590 Velleius

110 2605 241 2672 1111111
259 2610 274 2657 2
294 2605 452 2674 oppressius
471 2606 497 2658 L
518 2612 522 2674 Ι
541 2605 604 2676 pira
622 2606 649 2660 L
667 2608 676 2676 Ι
695 2612 711 2660 3
729 2622 883 2674 percussu*
902 2607 992 2674 (erasa
1009 2609 1049 2675 m)
1066 2607 1095 2660 B
1115 2607 1119 2678 Ι

111 2673 251 2729 summisIt
268 2675 309 2728 Bl
327 2674 445 2729 immisit
463 2677 489 2730 L
505 2680 509 2747 Ι
526 2676 670 2731 etiannum
684 2676 718 2731 N
732 2676 819 2730 etiam
836 2693 893 2731 non
907 2677 934 2730 L
947 2678 956 2746 ΙΙ
970 2680 986 2728 ὁ
1005 2693 1057 2731 om.
1075 2678 1098 2732 0
1116 2690 1119 2749 Ι

110 2744 239 2800 XXXIIII
252 2745 293 2799 Β1
306 2747 316 2815 ΙΙ
330 2751 345 2798 6
359 2745 417 2800 fere
431 2750 493 2801 erat
509 2748 548 2818 ΟΙ
563 2747 703 2818 hyspania
716 2749 757 2802 B¹
771 2750 781 2817 ΙΙ
795 2755 810 2802 1
824 2746 934 2818 pyrinei
946 2747 980 2800 N
988 2747 1121 2816 pyreneis

111 2816 145 2871 N
149 2817 159 2848 ²
175 2815 291 2886 pyrenei
309 2817 398 2886 (prior
415 2833 430 2871 e
448 2835 517 2874 cour.
531 2836 565 2874 eu
579 2819 600 2888 i)
615 2819 642 2873 L
657 2821 661 2889 Ι
678 2818 813 2873 abluebat
825 2819 867 2872 Β1
881 2817 1008 2872 alluebat
1021 2819 1049 2872 L
1063 2821 1073 2888 ΙΙ
1088 2824 1123 2874 10

111 2887 195 2942 altior
215 2887 262 2955 ΟΙΙ
281 2892 312 2940 11
333 2887 487 2942 continenti
505 2889 561 2958 (ine
580 2892 715 2960 eupuuuit
731 2908 765 2945 m.
780 2892 810 2959 2)
827 2891 861 2944 N
876 2890 885 2958 ΙΙ
905 2894 937 2942 12
957 2888 1122 2959 imperitate

110 2960 137 3014 L
153 2962 157 3029 Ι
173 2975 341 3028 nacoeosque
358 2960 399 3013 B¹
420 2961 424 3027 Ι
445 2976 590 3031 ourmogos
609 2962 643 3016 N
656 2977 810 3031 ourgomos.
825 2961 852 3014 L
871 2962 876 3028 Ι
897 2959 1060 3030 aurigantes
1079 2963 1123 3016 B¹

111 3030 262 3101 aurigonas
279 3031 312 3086 0:
329 3047 397 3086 aare.
413 3030 563 3088 Salmasius
576 3034 586 3102 ΙΙ
600 3038 633 3087 13
652 3049 709 3101 qua
726 3034 767 3087 B¹
781 3034 791 3102 ΙΙ
805 3037 839 3085 14
852 3031 1039 3085 nuntiabatur
1052 3032 1094 3085 Β1
1116 3034 1120 3093 Ι

110 3118 167 3155 111
180 3104 224 3156 est
238 3101 378 3170 expeditio
392 3102 529 3156 mandata
543 3103 593 3157 sed
607 3106 719 3174 sumpta
728 3104 767 3157 B¹
782 3106 792 3173 ΙΙ
808 3107 839 3156 lt
854 3101 928 3172 segis
944 3118 1054 3156 samam
1068 3103 1104 3157 N
1116 3101 1121 3174 Ι

111 3175 233 3226 cestram
252 3175 290 3242 (m
312 3175 447 3242 expuat
464 3191 498 3228 ui.
512 3176 539 3243 1)
558 3175 592 3228 N
609 3177 613 3243 Ι
633 3173 743 3244 possuit
760 3175 794 3229 N
811 3177 815 3243 Ι
835 3173 900 3227 inde
919 3175 944 3241 (e
963 3191 1033 3228 corr.
1051 3178 1124 3229 m.2

110 3261 144 3298 eu
162 3243 182 3313 i)
196 3244 230 3297 N
239 3246 248 3314 ΙΙ
264 3249 296 3297 16
319 3243 422 3314 pertita
441 3245 475 3298 N
488 3244 599 3314 perdito
618 3246 645 3299 L
661 3248 665 3315 Ι
680 3247 770 3300 totam
788 3243 894 3299 indiem
912 3246 1046 3314 (sequitur
1064 3263 1122 3301 ras.

111 3321 169 3370 oeta
190 3316 232 3369 oet
253 3332 347 3371 uocem
370 3317 536 3383 litterarum,
559 3334 676 3385 quarum
697 3319 796 3372 ultima
817 3318 932 3383 sortasse
955 3333 968 3368 s
992 3322 1052 3370 erat
1075 3317 1124 3387 N)

112 3384 256 3454 amplexus
280 3386 456 3441 cantabriam
479 3387 530 3457 ΟΙΙ
553 3393 585 3441 11
609 3387 692 3456 qnasi
713 3385 846 3457 indagine
868 3385 998 3441 bellabat
1018 3403 1073 3442 111
1091 3389 1129 3442 N

111 3455 193 3523 quasi
211 3455 344 3526 indagine
364 3457 527 3512 debellabat
543 3475 595 3513 nec
613 3459 640 3512 L
661 3462 670 3529 ΙΙ
694 3465 727 3514 18
746 3459 903 3513 aboocoano
922 3459 949 3512 L
973 3461 977 3527 Ι
1003 3458 1124 3526 1111*11

111 3526 145 3581 N
157 3528 162 3595 Ι
179 3543 241 3579 cum
258 3530 290 3581 iu
307 3545 394 3596 quum
411 3532 527 3586 autaut
544 3531 585 3584 B¹
601 3531 605 3600 Ι
621 3528 710 3584 infeta
727 3531 761 3585 N
773 3532 777 3600 Ι
793 3532 874 3599 terga
892 3547 1002 3598 qnoque
1021 3530 1049 3583 L
