2334 3922
370 188 571 240 PRAEFATIO
589 189 759 242 EDITORIS
1008 187 1071 241 XLI

54 374 128 414 cum
161 354 259 433 igitur
290 355 318 413 X
350 355 424 414 dues
456 355 620 431 scripturus
651 355 822 433 praeberet,
853 356 941 416 modo
975 358 1072 416 altere

53 446 150 505 lectio
179 463 197 503 a
220 443 243 503 0
268 445 366 502 altera
393 463 412 502 a
433 435 521 526 B(A)
544 447 667 521 recepta
693 448 754 523 est,
782 446 869 505 modo
898 446 976 505 alter
1002 450 1072 505 uter

55 537 111 592 ant
136 533 226 593 ambo
250 535 410 611 utramque
435 537 638 593 servaverunt.
680 534 780 593 verius
803 539 904 594 eutem
927 535 1072 594 lectiones

54 623 126 682 illus
162 640 228 681 esse
262 640 338 699 quus
371 625 461 681 antee
492 639 584 699 supro
613 640 717 683 versus
745 626 801 682 aut
826 624 858 681 in
885 623 1072 700 marginibus

55 712 174 787 positas
206 711 268 769 iam
299 711 330 769 in
363 710 530 770 oretIonem
555 711 721 788 recipiebat
747 731 808 771 non
835 713 933 772 solum
961 712 1072 771 additis
1094 734 1123 763 va
1151 741 1167 753 ==

54 801 175 861 voculis
195 803 221 858 et
242 804 295 859 cist
315 800 361 858 vel
379 794 426 880 (rit
443 802 543 859 ortum
561 819 597 859 ex
616 800 670 880 rit)
689 800 880 878 significavit,
904 801 956 860 sed
978 802 1070 860 inter-
1086 777 1165 869 Ἢ

56 889 131 948 dum
155 889 248 948 etium
269 889 391 965 punctis
412 888 520 967 positis
547 888 600 947 ubi
623 889 773 949 sententia
796 909 832 949 ec
853 909 913 948 non
936 890 1072 967 requirit.

56 978 139 1037 hunc
175 997 290 1037 morem
325 977 357 1037 in
393 978 523 1037 eliorum
556 997 676 1055 quoque
708 978 889 1055 scriptorum
920 979 1072 1039 codicibus

56 1068 250 1144 frequentem
274 1070 305 1126 et
331 1066 375 1125 ibi
398 1067 491 1126 etium
513 1066 694 1144 adhibitum,
726 1068 779 1127 ubi
801 1068 933 1127 librariis
957 1069 1073 1146 aliquid

59 1158 240 1232 corruptum
270 1155 447 1232 videbatur,
484 1156 537 1214 sed
569 1155 607 1214 ab
641 1155 821 1228 editoribus,
858 1158 939 1234 quod
970 1158 1072 1235 scium,

58 1245 196 1306 nondum
219 1243 413 1305 observatum
435 1244 461 1302 si
484 1244 600 1304 curlose
624 1245 797 1321 attendens,
821 1246 1074 1322 interpolamento

60 1352 139 1411 quse
171 1353 233 1392 non
267 1333 362 1410 primo
390 1332 501 1392 obtutu
533 1337 737 1410 agnoscantur
768 1334 869 1412 detegi
899 1353 987 1411 posse
1021 1354 1072 1413 ap·

60 1415 193 1503 paret1).
235 1421 274 1480 nd
297 1441 387 1499 quem
408 1421 633 1482 inlustrandum
655 1423 709 1482 hos
733 1423 831 1494 locos,
860 1441 935 1500 quos
962 1424 1074 1500 purtim

59 1513 90 1570 in
119 1510 348 1571 adnotationem
376 1511 511 1570 critIcum
533 1512 666 1588 recipere
689 1532 749 1571 non
771 1511 874 1590 licuit,
898 1504 1072 1592 adicicm²):

125 1675 154 1731 p.
178 1656 206 1728 7,
223 1654 262 1711 17
287 1654 419 1727 increpat
432 1680 439 1695 ·
453 1654 532 1712 saltis
554 1655 724 1713 transiluit·
743 1646 801 1737 13³)

126 1743 199 1801 ibid.
234 1743 277 1801 20
299 1741 423 1801 Jricoioe
436 1772 443 1786 ·
458 1744 529 1816 prio
543 1770 550 1785 ·
565 1743 684 1802 dedant
705 1742 730 1802 L

124 1853 156 1909 p.
178 1832 264 1907 8,13
288 1829 351 1889 Nec
373 1831 523 1890 dolo·sed
540 1833 644 1905 poetic
665 1824 722 1912 L4)

125 1967 143 2000 ‚,
182 1921 267 1998 9,15
285 1921 588 1994 potiretiir·repowm
602 1920 647 1980 ·L

125 2055 143 2088 „
168 2011 252 2084 14,6
276 2008 431 2068 reedieitor
453 2011 577 2068 extitisse
591 2039 598 2053 ·
612 2027 659 2069 res
681 2012 777 2069 stitere
798 2010 824 2068 B

126 2145 144 2176 „
167 2100 251 2174 18,8
276 2098 348 2156 doto
361 2126 369 2142 ·
384 2099 485 2172 elapsa
507 2099 668 2158 custodium
689 2098 714 2158 L

129 2234 146 2264 „
168 2189 252 2263 22,6
277 2187 395 2259 afferret
408 2216 415 2230 ·
430 2187 609 2261 triumphem
630 2191 791 2260 reportaret
812 2188 838 2246 Β

130 2322 147 2354 ,,
168 2277 219 2353 30,
234 2278 252 2334 9
279 2278 439 2336 deonotirs
453 2306 459 2319 ·
474 2280 570 2336 torsere
584 2306 590 2318 ·
605 2279 647 2335 sic
669 2294 779 2349 quoqne
801 2277 830 2334 N

57 2415 276 2425 ...——-—-—-

133 2502 162 2566 1)
180 2497 260 2553 velut
277 2496 380 2566 Apulei
396 2500 462 2553 met.
481 2498 494 2552 I
513 2503 529 2551 5
548 2499 634 2553 verbo
649 2496 742 2552 aliena
756 2499 805 2566 qui
817 2499 869 2552 sim
882 2496 912 2550 in
925 2497 947 2550 F
961 2501 1074 2569 punctis

58 2569 238 2625 circumdate
252 2572 325 2637 sunt,
339 2587 365 2622 v.
382 2570 462 2623 ‘mus
477 2569 615 2624 Rhomen!
631 2586 657 2623 n.
673 2586 693 2622 s.
713 2569 800 2623 XLVI
819 2572 909 2635 (1891)
927 2588 953 2640 p.
970 2577 1021 2626 315
1032 2590 1073 2641 sq.

133 2644 162 2710 2)
185 2639 244 2694 aliu
271 2639 400 2708 exemplo
422 2639 521 2695 efferre
544 2641 635 2710 nolui,
666 2639 733 2709 quie
756 2656 791 2695 ex
813 2640 911 2709 quovis
936 2647 1074 2712 apparatu

58 2712 161 2767 critico
181 2710 354 2767 accuratiore
372 2710 451 2765 facili
468 2711 582 2782 negotio
600 2711 661 2783 peti
673 2714 798 2781 possunt.
827 2712 962 2767 memorie
978 2717 1074 2769 tumen

59 2784 182 2855 dignum
201 2784 244 2837 est
261 2781 383 2837 Pheedn'
401 2781 527 2838 codicem
543 2783 566 2838 P
584 2783 614 2836 in
632 2782 726 2837 media
743 2783 842 2837 fabule
860 2784 920 2838 Ins
937 2784 1012 2839 hunc
1025 2787 1074 2840 ob-

60 2853 252 2910 servationem
279 2853 493 2938 gpummaticcm
514 2854 636 2936 babere:
663 2856 708 2909 hic
734 2857 855 2926 inteltepe
882 2859 994 2938 soricem
1020 2874 1076 2912 esse

59 2927 472 3078 defectibilis&
491 2926 773 3066 liridiffmtl’nit
792 2943 1075 3067 ttiispntmlbit',

61 3068 171 3123 edition
211 3066 430 3137 eldogrephique
448 3085 500 3138 per
518 3016 561 3122 ot.
580 3068 697 3122 Robert'
718 3086 744 3137 p.
762 3073 803 3136 14,
819 3074 859 3122 92.

134 3143 162 3209 3)
181 3085 306 3192 ‹ltibitari
323 3141 418 3208 potest
436 3156 473 3193 en
490 3142 602 3209 praeter
620 3141 763 3194 transiluit
781 3139 868 3193 etiem
884 3142 959 3194 saitis
972 3138 1074 3194 eicien-

62 3211 130 3265 dum
149 3209 196 3280 sit,
215 3210 266 3264 sed
280 3209 440 3265 defendItur
458 3211 581 3278 quodam
596 3210 679 3264 modo
693 3209 767 3264 Livii
780 3209 873 3264 verbis
891 3210 942 3279 17,
958 3217 982 3278 2,
1002 3227 1075 3278 quac

60 3281 162 3338 slorus
185 3296 262 3335 more
285 3297 335 3335 suo
359 3284 395 3350 (v.
414 3300 441 3351 p.
460 3281 561 3351 XXIII)
584 3281 757 3350 immutavit,
785 3297 837 3336 nec
861 3280 1008 3350 probabile
1031 3285 1076 3338 est

60 3351 228 3424 glossatoris
248 3367 308 3406 esse
326 3353 400 3407 sodo
416 3354 566 3407 transiluit.

134 3428 162 3495 4)
182 3423 301 3478 fortasse
319 3439 370 3493 pro
389 3425 490 3492 dolose,
513 3440 585 3492 quoe
607 3423 768 3478 coniectura
784 3421 882 3477 libello
902 3423 936 3476 de
954 3423 1005 3478 vir.
1024 3424 1073 3478 inl.

62 3502 88 3564 2,
112 3501 130 3551 6
157 3493 272 3550 videtur
299 3494 464 3563 confirmari,
492 3497 554 3550 doto
582 3495 759 3550 scribendum
787 3497 838 3548 est.
875 3510 942 3548 nem
968 3497 1015 3551 sed
1041 3513 1076 3550 ex

60 3569 166 3624 scilicet
185 3566 223 3620 ud
240 3581 338 3620 vocem
352 3568 448 3635 pirella
467 3564 608 3636 adscripto
628 3569 720 3621 ortum
738 3581 798 3620 esse
816 3567 918 3636 potest.
