2334 3922
120 129 208 183 LVIII
431 130 631 182 PRAEFATIO
650 128 821 181 EDITORIS

120 297 312 357 transtulisse
335 297 558 373 comparatione
586 296 749 374 fragmenti
772 295 930 354 Annaeani
956 295 1040 371 apud
1059 294 1132 354 Lac·

120 386 253 446 tantium
275 405 343 445 cum
366 386 461 461 ipsius
484 386 673 462 praefatione
691 384 870 445 ostenditur.
894 402 988 461 quare
1006 403 1068 443 non
1088 387 1133 444 est

120 475 319 535 dubitandum
348 474 421 552 quin
444 475 590 535 nonnulla
612 474 786 544 mutaverit,
815 474 877 532 elia
900 472 1045 549 omiserIt,
1074 472 1134 532 alia

119 564 247 641 denique
277 564 314 623 de
342 581 397 624 suo
422 566 477 624 aut
499 563 622 623 aliunde
645 562 797 622 adiecerit.
842 564 964 638 praeter
988 560 1133 621 Senecam

47 663 98 704 virs
120 656 222 712 autem
245 653 357 713 alicubi
380 652 418 711 ab
442 671 476 712 eo
496 652 637 713 Livium
657 651 827 710 adhibitum
846 669 910 711 esse
928 650 991 709 iam
1006 654 1133 728 propter

118 742 232 801 clarum
260 743 325 802 eius
352 760 461 802 nomen
487 741 643 818 probabile
672 744 731 818 est,
765 740 822 799 etsi
849 739 954 799 multis
982 740 1058 799 locis
1086 739 1132 798 di—

117 850 205 893 versa
228 831 265 891 ab
295 850 330 890 eo
358 830 438 890 tradi
466 820 626 910 constatl).
672 832 805 888 ceterum
827 828 881 886 ubi
904 828 984 887 inter
1006 846 1039 888 se
1063 846 1132 888 corr·

118 920 254 980 sentiunt
285 919 471 997 probabilius
502 923 578 996 puto
610 918 642 977 id
672 918 717 978 ita
744 917 885 978 effectum
913 935 978 977 esse
1005 920 1043 977 ut
1071 917 1132 977 iam

119 1010 231 1069 Seneca
254 1009 340 1069 Livio
367 1027 441 1068 usus
469 1009 510 1068 sit
538 1027 629 1085 quam
655 1010 691 1066 ut
712 1007 821 1066 Florus
848 1007 928 1065 bunc
953 1007 1055 1082 ipsum
1077 1009 1133 1066 aut

118 1098 279 1174 epitomam
303 1098 368 1157 eius
390 1097 537 1172 periochis
558 1096 649 1156 bodie
672 1095 888 1172 superstitibus
909 1095 1078 1171 pleniorem
1100 1095 1131 1154 in

116 1205 206 1246 usum
224 1177 419 1268 vocaverit2).
447 1186 554 1245 deinde
573 1185 604 1244 in
624 1184 774 1261 capitibus
793 1185 830 1244 de
848 1184 928 1244 bello
946 1184 1129 1262 Iugurthino

118 1279 149 1335 et
171 1275 207 1335 de
231 1276 438 1336 coniuratione
457 1273 607 1334 Catilinae
631 1273 779 1351 quaedam
796 1273 894 1332 inesse
914 1276 1035 1333 constat
1054 1292 1129 1350 quae

11 1375 98 1417 renuas
118 1385 153 1425 ex
177 1365 351 1431 Sallustii
369 1364 454 1424 libris
473 1383 527 1440 per
544 1366 643 1423 totam
662 1362 876 1439 antiquitatem
893 1362 1028 1420 multum
1045 1363 1129 1422 leoti-

115 1455 189 1514 tatis
217 1459 248 1514 et
274 1454 421 1514 imitando
449 1452 596 1530 expressis
627 1452 773 1530 originem
797 1442 950 1532 ducant3).
995 1451 1129 1511 inbelle

116 1546 218 1602 autem
251 1542 387 1603 Caesaris
425 1541 540 1601 Gallico
580 1545 611 1600 et
646 1540 678 1599 in
714 1541 794 1600 bello
832 1539 915 1601 civili
947 1539 1129 1616 Pompeiano

11 1651 88 1691 esan·
118 1636 224 1708 aperta
260 1632 390 1708 vestigia
432 1630 773 1690 commentariorum
810 1627 980 1688 Caesaris
1017 1628 1128 1689 insunt.

11 1714 90 1798 ffir-
117 1721 245 1780 forsitan
269 1720 343 1780 alios
367 1738 488 1797 quoque
515 1720 614 1779 fontes
636 1719 668 1777 in
690 1717 803 1777 librum
827 1736 915 1776 suum
939 1717 1128 1793 derivaverit,

118 1827 192 1886 quos
223 1808 313 1868 hodie
340 1809 484 1887 indagare
515 1828 575 1868 non
606 1825 784 1884 possumus,
820 1806 871 1867 sed
903 1806 954 1867 vix
986 1806 1126 1866 credibile

115 1897 238 1958 videtur
264 1897 332 1956 aliis
361 1917 430 1956 eum
458 1897 632 1957 auctoribus
660 1914 749 1955 usum
779 1913 959 1972 essequam
986 1896 1041 1972 qui
1067 1895 1128 1954 Ha-

116 1986 214 2046 driani
255 1989 354 2046 aetate
397 1990 482 2045 erant
522 1985 680 2046 notissimi.
735 1985 792 2044 hoo
823 2003 893 2045 vero
927 1987 1046 2043 certum
1083 1987 1126 2044 est

116 2095 152 2135 ex
180 2094 216 2134 ea
244 2095 335 2153 quam
358 2076 393 2135 A.
412 2075 536 2153 Egenus
563 2075 775 2134 dissertatione
803 2072 1035 2137 Monasteriensi
1057 2073 1126 2132 anni

114 2163 386 2224 MDCCOLXXXII
409 2164 554 2240 inscripta
583 2157 631 2222 ‘de
659 2163 748 2223 Floro
776 2162 919 2223 historico
947 2162 1125 2222 elocutionis

116 2254 256 2313 Taciteae
276 2247 441 2314 imitatore'
460 2253 679 2321 demonstravit
697 2251 841 2311 orationis
859 2249 1016 2310 amborum
1035 2252 1125 2328 scrip·

115 2345 216 2401 torum
239 2343 435 2402 similitudine
462 2361 522 2401 non
550 2341 629 2401 effici
652 2341 733 2418 quod
760 2341 809 2400 bic
831 2339 930 2400 voluit
953 2331 996 2421 (p.
1012 2332 1071 2422 49)
1093 2345 1126 2400 ut

116 2430 240 2489 Tacitus
272 2449 290 2489 a
321 2432 411 2491 Floro
444 2430 597 2490 adbibitus
634 2430 681 2489 sit.
732 2429 836 2489 eadem
870 2429 950 2488 enim
984 2429 1127 2490 elocutio·

188 2655 213 2721 1)
232 2670 258 2706 v.
269 2670 353 2734 supra
367 2670 393 2733 p.
404 2651 511 2706 XLVII.
526 2652 616 2706 multa
631 2650 732 2720 quibus
746 2650 845 2705 Florus
860 2667 877 2704 a
891 2649 970 2705 Livio
986 2651 1127 2723 discrepat

115 2723 144 2779 O.
163 2723 197 2778 H.
217 2723 343 2792 Heynrus
372 2741 402 2776 m
430 2723 665 2778 commentatione
691 2737 763 2791 quae
786 2720 949 2776 inscribitur
974 2722 1021 2778 ‘de
1044 2722 1126 2779 Floro

114 2794 260 2877 historico’
282 2794 406 2864 (Bonnae
426 2796 505 2862 1866)
524 2811 551 2863 p.
566 2799 600 2848 37
610 2811 650 2862 sq.
671 2792 860 2861 enumeravit,
880 2792 929 2847 sed
947 2809 1127 2864 nequaqnam

116 2883 218 2922 omma.

187 2941 213 3008 2)
243 2937 274 2992 Ε.
293 2936 423 2992 chbsius
448 2934 636 3006 (Festschrift
662 2935 708 2988 fr'ir
732 2934 762 2989 L.
780 2933 990 2990 Friedlaendcr'
1016 2955 1044 3007 p.
1064 2940 1125 3007 231)

116 3009 198 3065 dicit:
232 3008 341 3063 ‘Florus
365 3025 417 3079 gar
439 3007 490 3062 hat
513 3006 609 3061 seinen
627 3005 725 3061 Abriss
748 3005 787 3059 im
810 3005 1012 3062 wesentlichen
1035 3007 1127 3063 einem

115 3081 244 3152 einzigen
262 3079 449 3135 lateinisehcn
467 3077 583 3146 Werke,
607 3077 698 3132 einem
716 3078 831 3147 Ausaug
854 3094 904 3131 aus
925 3077 980 3132 den
997 3079 1127 3134 Annalen

116 3155 164 3208 des
184 3152 288 3220 Livius,
308 3151 508 3206 entnommen'.

186 3227 212 3293 3)
231 3242 256 3278 v.
273 3240 357 3292 supra
375 3241 401 3293 p.
418 3221 520 3288 XXIH,
540 3219 567 3274 C.
583 3219 665 3301 Heyn
680 3219 728 3274 ‘de
741 3219 824 3274 Floro
838 3219 984 3276 historioo’
1000 3220 1127 3292 (Bonnae

117 3299 195 3364 1866)
209 3313 235 3365 p.
247 3301 281 3348 49
292 3311 332 3363 sq.
348 3296 377 3348 et
391 3294 423 3347 A.
439 3294 474 3347 de
488 3290 654 3346 Gutsohmrd
669 3289 780 3346 ‘Kleine
795 3290 945 3346 Schriften’
963 3291 1004 3346 111
1021 3310 1048 3362 p.
1065 3298 1125 3347 604.

116 3366 202 3420 etiam
226 3364 352 3421 historiis
372 3363 500 3419 Sallustii
517 3361 629 3417 Florum
653 3379 735 3416 usum
757 3378 818 3417 esse
841 3363 960 3432 probare
979 3364 1077 3418 studet
1094 3364 1125 3418 B.

115 3436 348 3560 Maurenbrelohcr
379 3435 410 3488 in
437 3434 560 3490 editione
592 3432 775 3502 reliquiarum
806 3433 988 3509 historiarum
1021 3434 1082 3490 eius
1114 3436 1127 3490 l

109 3525 140 3575 p.
158 3513 191 3560 66
211 3510 239 3562 et
258 3507 335 3564 aibi.
