2334 3922
522 222 636 273 INDEX

72 379 210 448 Epheso
243 378 388 433 Salamina
420 395 555 448 pensave-

90 450 158 503 runt
176 449 296 504 Romani
315 456 407 519 66,16

72 520 103 573 in
122 520 251 590 Epiron
273 521 338 575 vela
362 520 482 585 dimittit
501 522 554 574 Ta-

89 594 187 646 rentos
202 598 244 660 32,
255 598 279 647 4.
313 611 376 646 cum
393 592 461 646 totis
476 592 555 662 Epiri

89 663 199 717 viribus
218 664 340 732 Pyrrhus
359 663 492 718 veniebat
511 669 553 731 32,

91 740 134 788 16.
168 734 199 788 in
212 735 242 790 E.
263 734 370 789 bellum
388 734 471 789 civile
487 734 554 788 Cae-

91 804 236 859 sarianum
254 806 381 861 consedit
399 812 459 874 139,
470 811 493 860 7.
522 805 552 859 E.

91 877 188 931 sedern
209 877 284 932 bello
303 878 453 946 Pompeius
473 876 555 945 eligit

91 953 214 1016 144,13.
251 949 281 1002 in
302 949 332 1003 E.
358 952 451 1002 castra
474 947 555 1017 ponit

91 1018 227 1073 Octavius
247 1025 338 1088 167,8

73 1090 190 1159 epulis
237 1091 385 1161 explentur
424 1088 554 1144 morituri

90 1161 259 1216 Numantini
283 1167 329 1230 82,
350 1167 392 1216 23.
430 1161 500 1215 Iuba
526 1163 555 1214 et

91 1232 219 1287 Petreius
238 1238 297 1301 150,
314 1239 338 1286 5.
372 1231 507 1286 Cantabri
524 1231 555 1284 in

90 1303 230 1358 Medullis
244 1307 339 1358 monte
350 1303 457 1357 obsessi
468 1308 527 1372 179,
539 1310 554 1357 9

74 1376 256 1445 ergastula
269 1374 429 1443 frequentia
442 1373 472 1427 in
486 1373 554 1428 Sici-

91 1445 133 1499 lia
152 1452 212 1514 125,
223 1453 247 1501 0.
277 1463 300 1501 e.
314 1444 445 1516 refringit
459 1446 555 1498 Eunus

91 1523 221 1586 125,17.
263 1517 406 1586 ergastulo
433 1515 555 1570 Athenio

90 1588 555 1656 familiamliberat126,11.e0rum

91 1661 165 1713 ferro
191 1663 303 1714 recocto
325 1658 385 1712 tela
408 1658 463 1712 sibi
485 1658 556 1711 facit

93 1730 245 1800 Spartacus
266 1737 330 1798 128,
350 1735 374 1784 8.
417 1747 439 1784 e.
464 1732 556 1784 armat

92 1802 118 1856 S.
138 1802 289 1872 Pompeius
308 1806 418 1869 161,14

75 1889 224 1928 errorem
246 1874 277 1926 in
301 1871 451 1927 consilium
471 1871 556 1925 vertit

91 1944 198 1998 Marius
218 1951 264 2012 91,
279 1951 304 1999 4.
347 1960 422 1997 error
447 1942 554 2013 proelio

92 2017 169 2085 apud
182 2015 329 2085 Philippos
342 2013 491 2069 victoriam
506 2015 556 2066 dat

74 2157 195 2227 Eryce,
215 2156 328 2212 Siciliae
347 2158 455 2221 monte,
474 2172 554 2224 prac-

92 2228 197 2282 sidium
223 2229 381 2283 Poenorum
410 2226 554 2280 Calatinus

92 2299 218 2354 detrahit
235 2305 309 2365 44,1

74 2371 259 2440 Esquilina
284 2373 367 2440 porta
390 2369 468 2438 Sylla
491 2368 555 2422 urbi

92 2458 194 2512 agmen
212 2441 338 2495 infundit
357 2446 417 2509 130,
432 2446 465 2494 10

75 2511 554 2567 abEtruriaanniversariihostes

91 2584 225 2638 Veientes
245 2590 287 2652 21,
303 2592 327 2639 3.
360 2583 391 2636 in
408 2583 439 2638 E.
459 2582 554 2637 Gallo-

90 2673 153 2709 rum
167 2655 303 2724 reliquias
317 2653 393 2708 delet
405 2653 554 2708 Dolabella

92 2732 198 2794 26,14.
236 2743 286 2796 per
313 2727 344 2780 E.
372 2725 476 2779 infesta
502 2725 555 2778 llll

92 2797 237 2869 agminum
245 2797 327 2868 signa
335 2795 554 2864 volitant30,14.

91 2868 205 2923 Etruria
229 2872 327 2922 contra
349 2868 467 2921 Romam
491 2884 554 2922 con-

91 2939 185 3010 surgit
199 2945 259 3009 123,
270 2946 294 2994 2.
321 2956 384 2993 eam
398 2938 555 2992 Samnitum

92 3011 177 3065 duces
196 3011 367 3081 populantur
382 3014 494 3078 13212.
522 3026 555 3063 er

90 3081 123 3136 E.
144 3098 223 3135 arma
241 3081 305 3135 urbi
324 3082 456 3135 admovet
473 3080 555 3162 Lepi-

92 3154 145 3207 dus
156 3157 216 3222 136,
225 3158 249 3208 0.
268 3169 301 3206 eo
311 3151 387 3206 idem
397 3151 504 3206 recedit
512 3170 554 3204 1n-

91 3226 210 3278 crnenta
218 3224 287 3293 fuga
298 3228 356 3292 136,
368 3228 407 3277 14.
428 3223 464 3276 ad
474 3239 554 3292 prae-

91 3293 554 3365 paratnmaManlioinE.exerci·

91 3369 153 3420 tum
166 3365 289 3420 Catilina
300 3365 485 3436 proficiscitur
495 3370 555 3434 137,

91 3443 135 3492 20.
158 3437 234 3492 idem
247 3437 357 3491 infestis
374 3437 409 3490 ab
420 3437 451 3492 E.
467 3436 554 3506 signis

112 3508 216 3562 atriam
229 3508 302 3578 petit
314 3513 374 3576 138,
386 3513 426 3562 11.
458 3507 523 3562 inde
538 3525 555 3561 a

90 3527 212 3634 Caesare
231 3580 328 3650 pulsus
348 3579 418 3634 Libo
439 3584 528 3648 142,1

1020 218 1085 282 213

608 380 827 433 Etruscorum
863 395 912 432 rex
945 380 1087 435 Porsenna

627 456 669 519 17,
680 454 703 505 8.
728 451 759 504 Ε.
769 450 821 504 XII
833 451 932 520 populi
946 451 976 504 in
985 452 1086 506 Roma-

626 539 677 576 nos
692 522 840 575 coniurant
854 527 949 590 30,10.
973 523 1002 577 E.
1019 541 1086 592 opu-

626 591 777 646 lentissimi
795 592 916 646 Volsinii
930 598 1026 660 37,12.
1053 595 1084 649 E.

627 664 682 718 sibi
691 663 805 718 miscuit
813 665 934 735 populus
943 665 1086 719 Romanus

627 740 739 803 122,14.
770 736 801 790 E.
822 736 873 789 sub
894 735 981 806 signis
999 736 1088 790 habet

625 806 763 875 Egnatius
784 811 844 875 123,
861 815 883 862 7.
918 808 949 861 E.
970 807 1088 861 discutit

626 877 695 932 Cato
716 882 775 944 124,
790 883 814 932 8.
851 898 876 932 v.
897 879 981 932 Tusci

609 950 660 1003 sub
675 949 832 1003 Euandro
846 950 970 1004 Arcades
990 950 1019 1003 in
1033 950 1086 1003 La-

625 1020 697 1072 tium
716 1020 885 1074 influxerant
904 1026 928 1083 8,
944 1028 959 1073 3

608 1091 780 1145 Euboeam
796 1093 939 1161 conpescit
952 1090 1087 1146 Flamini-

626 1180 678 1214 nus
711 1168 758 1230 63,
787 1168 828 1216 16.
872 1164 903 1217 Ε.
932 1164 1088 1218 continenti

625 1232 746 1301 Euripus
757 1233 995 1302 abscindit65,21.
1010 1238 1086 1289 tene-

625 1307 672 1357 tur
690 1321 707 1356 a
722 1304 887 1359 Mithridate
898 1310 940 1373 96,
953 1311 993 1359 18.
1021 1307 1088 1360 inde

626 1374 769 1443 praesidia
787 1376 862 1446 regis
876 1376 995 1445 depellit
1010 1377 1087 1446 Sylla

627 1451 701 1514 aas

609 1516 818 1571 Euburiates
837 1517 953 1588 Ligures
978 1520 1088 1573 subacti

628 1593 702 1657 400

609 1660 773 1713 Eumenes
798 1660 836 1728 Π,
869 1660 999 1732 Pergami
1031 1679 1097 1732 rex,

628 1730 719 1785 socius
740 1733 768 1785 et
782 1732 935 1786 commilito
949 1733 1088 1788 Romano·

627 1821 690 1855 rum
708 1807 782 1870 85,6

609 1873 722 1926 Eunus
742 1873 826 1942 Syrus
851 1891 944 1929 servos
964 1875 1089 1929 concitat

627 1949 692 2012 125,
717 1949 758 1999 10.
804 1949 966 2014 praetorum
994 1948 1088 2000 castra

627 2016 705 2084 capit
715 2020 774 2083 125,
785 2022 828 2070 21.
855 2017 978 2070 vincitur
993 2034 1009 2070 a
1023 2016 1088 2070 Per·

626 2091 827 2155 perna126,4

608 2157 802 2226 Euphrates
824 2158 901 2212 idem
925 2158 1001 2226 quod
1020 2158 1088 2212 olim

627 2227 736 2281 Tiberis
756 2234 860 2297 19,19.
899 2246 962 2282 eum
984 2230 1089 2283 transit

625 2298 759 2352 Lucullus
774 2305 815 2368 00,
827 2307 850 2354 6.
881 2300 977 2354 haurit
995 2300 1089 2354 Crassi

627 2369 709 2441 signa
742 2376 805 2440 111,
835 2377 876 2426 10.
920 2372 1088 2440 relinquitur

626 2443 730 2496 temere
742 2459 759 2495 a
769 2441 867 2497 Crasso
880 2448 992 2511 111,17.
1014 2443 1089 2497 inter

627 2529 691 2566 eum
701 2512 984 2569 etOrontharthos
994 2514 1089 2569 caedit

627 2583 775 2638 Ventidius
801 2590 864 2654 164,
885 2591 909 2640 7.
946 2603 1010 2640 eum
1036 2586 1087 2640 sub

626 2654 798 2725 imaginibus
811 2710 816 2721 ,
829 2657 887 2711 0010
915 2658 974 2728 legi
1000 2659 1088 2711 Anto-

626 2725 689 2779 nius
700 2727 873 2797 concupiscit
883 2734 942 2798 164,
951 2734 993 2783 20.
1013 2728 1088 2782 intra

628 2815 692 2851 eum
711 2800 740 2852 01
754 2798 855 2868 Cyrum
874 2817 969 2855 ornnes
988 2802 1086 2871 gentes

628 2869 665 2922 ab
683 2869 810 2939 Augusto
834 2874 954 2940 pacatae
974 2876 1086 2939 181,11

609 2940 755 3010 Euripus
775 2941 853 2995 tenui
867 2942 937 2996 freto
952 2941 1087 2995 Euboean

628 3012 785 3066 continenti
804 3013 945 3066 abscindit
963 3017 1006 3078 05,
1021 3017 1054 3065 21

609 3083 778 3153 Europam
800 3083 920 3153 populus
944 3084 1086 3136 Romanus

626 3155 753 3209 victoriis
771 3157 904 3224 peragrat
922 3159 1022 3223 41,17.
1057 3153 1088 3208 in

626 3227 657 3280 E.
687 3227 723 3280 ab
750 3225 846 3279 Africa
874 3228 902 3279 et
930 3226 966 3279 ab
994 3226 1024 3279 E.
1057 3224 1088 3278 in

627 3296 724 3350 Asiam
743 3296 891 3366 imperium
904 3296 1032 3366 procedit
1044 3301 1087 3364 64,

628 3374 669 3422 13.
699 3367 768 3421 belli
787 3366 895 3435 Syriaci
912 3367 1086 3437 temporibus

618 3439 822 3499 011110111οη00
841 3439 965 3507 pertinet
984 3444 1026 3507 65,
1045 3446 1086 3494 12.

628 3509 687 3563 eius
698 3509 854 3579 cupiditate
863 3510 967 3579 flagrat
976 3510 1086 3565 Mithri-

628 3581 708 3636 dates
718 3587 814 3652 05,21.
832 3599 899 3636 eam
908 3582 1092 3637 Asiaeterror
