2370 3908
391 226 593 278 PRAEFATIO
612 227 783 279 EDITORIS
1031 226 1096 279 XXI

76 393 175 452 fuisse
199 396 335 470 apparet,
358 393 482 452 minoris
506 392 583 451 facio
608 411 700 469 quam
720 393 850 453 Beckius
868 386 1095 476 (Commentat.

75 475 258 542 Woelfflin?
281 503 311 558 p.
334 474 420 559 162).
466 501 534 540 nam
562 482 745 557 paucissima
773 501 850 559 quae
881 483 913 540 in
936 502 970 542 eo
994 485 1096 542 verius

75 591 172 648 quam
200 572 233 630 in
256 569 279 629 0
307 572 452 648 leguntur
479 589 515 629 ea
543 575 614 629 sunt
642 590 717 647 quae
747 572 838 630 etiam
867 572 905 630 ab
933 571 1096 631 hebetioris

74 661 196 738 ingenii
218 660 338 718 homine
363 659 516 719 emendari
537 660 693 736 potuerint
718 653 758 740 (v.
778 660 816 718 ad
838 681 866 737 p.
889 662 960 733 164,
981 658 1029 739 2),
1066 664 1097 720 et
1154 671 1156 682 ’

76 749 163 827 quod
196 749 297 824 capita
331 749 478 824 quaedam
508 749 540 807 in
568 746 591 807 0
619 749 704 807 falsis
732 750 806 808 locis
834 750 981 808 collocata
1008 750 1097 808 iustis

76 839 176 897 habet
198 838 272 896 haec
297 857 416 915 quoque
441 839 478 896 ab
503 837 629 896 attentis
651 838 815 898 lectoribus
838 837 943 914 reponi
960 839 1096 913 potuisse

75 927 307 987 concedendum
331 931 385 987 est.
423 947 492 985 eum
515 945 586 986 vero
611 928 723 985 eumB
748 931 911 1004 cognatum
935 946 999 986 esse
1022 927 1097 986 locis

74 1017 142 1074 illis
171 1016 210 1074 ad
238 1016 483 1093 orthographiam
510 1016 731 1091 pertinentibus
761 1035 837 1093 quos
866 1017 996 1075 Beckius
1020 1011 1097 1096 (1.0.

73 1127 106 1182 p.
129 1107 193 1165 166
207 1107 264 1182 sq.)
292 1105 452 1181 proposuit
479 1125 538 1164 non
567 1105 722 1181 probatur.
768 1106 872 1182 itaque
894 1106 1038 1181 pauciora
1061 1125 1097 1163 ex

75 1214 113 1253 eo
145 1195 176 1251 in
209 1194 436 1254 adnotationem
459 1194 594 1253 criticam
616 1195 716 1270 recepi
740 1213 831 1272 quam
853 1195 905 1253 1110
928 1195 960 1252 in
983 1195 1097 1254 tabulis

78 1279 365 1343 ‘Observationibus
388 1283 419 1340 in
443 1278 579 1342 Florum'
603 1282 735 1342 adiectis.

148 1372 403 1431 Berolinensis
426 1372 493 1432 Lat.
517 1376 615 1448 quart.
636 1374 698 1432 306
720 1373 796 1431 duae
816 1373 1007 1430 membranae
1026 1374 1098 1430 sunt

82 1461 198 1520 saeculi
212 1461 381 1520 duodecimi
391 1461 557 1536 scripturae
571 1461 741 1538 inaequalis
756 1461 968 1520 etMonacensi
981 1461 1097 1519 similis.

75 1550 258 1627 posterioris
282 1550 423 1608 inferiore
446 1553 532 1625 parte
556 1549 688 1608 abscissa
707 1549 776 1608 deni
794 1569 898 1609 versus
916 1550 948 1608 in
965 1552 1096 1626 utraque

76 1639 194 1717 pagina
216 1639 381 1714 perierunt.
408 1639 513 1714 itaque
536 1638 628 1696 huius
652 1639 793 1698 editionis
816 1639 920 1698 insunt
942 1660 970 1716 p.
989 1641 1096 1714 107,8

76 1731 154 1802 110,
168 1731 184 1786 1
203 1721 416 1808 (ecaiaratloae
429 1729 510 1800 facta
522 1731 659 1787 tacebere
677 1759 712 1768 —
731 1731 774 1786 rei
787 1728 972 1799 felicissimae
986 1729 1096 1786 temeri-

75 1809 163 1897 tatis)
187 1849 230 1857 —
255 1819 286 1875 et
307 1838 336 1894 p.
358 1819 435 1892 118,
458 1819 603 1895 3—120,
624 1819 642 1876 8
673 1809 735 1898 (Set
760 1818 896 1876 laic-siae
923 1849 967 1858 —
993 1818 1098 1891 faaam

80 1908 164 1966 mal
180 1898 326 1987 nobilita).
356 1908 507 1965 correctus
531 1908 577 1964 est
590 1906 721 1982 primum
736 1925 828 1964 manu
842 1906 971 1982 aequali,
991 1905 1096 1964 deinde

77 2014 176 2053 manu
200 1995 331 2053 secunda
355 1995 468 2054 saeculi
490 1996 552 2053 fere
577 1995 684 2054 decimi
707 1995 784 2053 sexti
808 2001 838 2053 et
855 1996 955 2053 minus
973 1997 1099 2070 propter

77 2085 248 2160 scripturas
273 2083 440 2159 peculiares
463 2083 666 2143 memorabilis
690 2103 780 2161 quam
804 2083 885 2159 quod
908 2101 1019 2142 coaeva
1042 2083 1097 2141 illa

78 2191 189 2231 manus
218 2172 429 2233 adnotationes
458 2172 603 2249 quasdam
631 2173 769 2248 appinxit
794 2176 831 2231 ut
857 2193 885 2248 p.
908 2173 983 2246 118,
1007 2173 1027 2228 4
1059 2171 1098 2230 06

77 2263 297 2321 Mammmlamae
324 2262 414 2320 hanc:
456 2261 536 2336 Quae
562 2263 643 2334 facta
672 2266 712 2319 est
739 2261 809 2319 bello
836 2262 1021 2336 asmantiae,
1066 2264 1097 2318 et

78 2351 117 2410 ad
139 2353 213 2428 108,
234 2354 251 2410 9
277 2351 315 2408 ad
337 2351 502 2409 massiliam
519 2351 609 2409 hanc:
633 2367 737 2407 mamea
759 2352 891 2421 flammis
913 2352 1027 2423 require
1051 2350 1098 2408 acl

76 2441 231 2499 amsellam
252 2429 333 2513 forde.

147 2529 284 2606 Denique
312 2548 349 2587 ne
376 2547 499 2604 prorsus
526 2527 748 2586 recentissimos
776 2527 868 2587 libros
897 2529 1094 2605 excluderem,
1136 2601 1137 2607 ἵ

77 2619 107 2677 in
144 2618 255 2694 quibus
286 2617 368 2676 haud
400 2636 498 2693 pauca
531 2617 568 2675 ab
601 2609 711 2675 ‘Italis’
746 2617 904 2676 emendata
932 2636 996 2676 esse
1023 2616 1095 2693 vidi,

77 2725 159 2784 quae
182 2707 287 2783 primis
311 2707 476 2766 editoribus
498 2706 720 2777 tribuebantur,
744 2705 819 2765 duos
842 2725 879 2764 ex
901 2706 938 2764 iis
958 2705 1096 2765 adhibui:

146 2795 479 2856 Vratislaviensem
501 2795 792 2872 Rehdigeranum
814 2794 881 2853 Lat.
901 2797 927 2852 R
948 2798 987 2855 78
1008 2795 1091 2854 ohar-
1105 2805 1156 2897 ¹³⁶ss

77 2889 215 2959 taceam,
241 2885 356 2943 formae
383 2884 545 2960 maximae,
573 2883 687 2943 saeculi
714 2884 823 2943 decimi
851 2883 959 2960 quinti.
1007 2903 1095 2960 quem

79 2974 133 3050 qui
164 2973 287 3050 scripsit
313 2974 411 3052 magis
439 2973 476 3031 ab
506 2973 790 3048 interpolationibus
824 2973 974 3031 abstinuit
1004 2990 1094 3047 quam

80 3063 134 3121 alii
163 3063 217 3140 qui
246 3062 349 3121 eadem
378 3065 478 3121 aetate
506 3063 631 3121 Florum
660 3065 860 3122 exaraverunt
887 3066 918 3119 et
947 3060 1096 3136 quaedam

80 3155 134 3211 eut
158 3151 223 3229 ipse
247 3153 301 3209 aut
324 3151 361 3209 ab
385 3152 445 3211 alio
468 3151 602 3210 monitus
626 3151 700 3210 scite
725 3142 893 3230 correxit1).

151 3394 178 3462 1)
198 3390 287 3445 animi
306 3408 392 3445 causa
413 3391 464 3445 hos
488 3407 584 3444 versus
608 3407 719 3460 appono
743 3390 792 3458 qui
810 3389 840 3442 in
859 3386 1015 3457 penultimo
1034 3389 1096 3443 eius

83 3462 149 3518 lolio
177 3479 266 3516 manu
294 3461 400 3516 saeculi
421 3461 600 3516 XVI—XVII
625 3460 780 3535 perscripti
805 3461 962 3535 legentum
992 3463 1114 3518 Bonum

75 3551 250 3668 §Campam
266 3550 367 3599 sapere
386 3535 463 3588 balat
479 3536 549 3591 adas
562 3536 626 3610 (sio)
641 3555 705 3594 cam
722 3541 836 3612 priore,
853 3544 1012 3596 caecemus
1033 3541 1132 3590 autem
