2370 3908
447 169 485 238 Π,
507 175 539 224 13
558 169 632 238 (llll,
653 172 687 238 2).
1010 168 1076 232 143

56 344 158 398 castra
181 335 326 397 habentes
345 343 416 415 aput
435 336 552 396 Sicorin
571 354 688 396 amnem
707 336 844 415 opsidere
864 343 894 396 et
912 337 948 397 ab
968 337 1076 417 oppido

55 424 263 486 intercludere
295 425 475 503 adgreditur.
523 427 644 485 interim
676 425 873 485 abundatione
906 430 990 487 verni
1021 427 1128 486 1111-21

55 517 151 575 minis
180 512 393 575 commeatibus
420 512 610 593 prohibetur:
639 516 681 574 sic
709 514 785 574 fame
814 521 910 575 castra
934 522 1076 595 temptata

57 612 145 683 sunt,
177 603 376 681 obsessorque
404 605 468 682 ipse
496 605 582 682 quasi
610 602 808 663 obsidebatur.
860 603 911 663 sed
939 603 991 664 ubi
1018 623 1075 683 pan
1094 615 1128 664 28

28 693 195 753 stiuminis
219 691 298 752 redit
320 698 351 752 et
370 690 611 771 pabulationibus
630 699 660 752 et
677 710 792 770 pugnae
812 710 930 771 campos
950 695 1075 773 aperuit,

58 785 171 842 iterum
195 781 279 841 ferox
302 782 393 841 instat
416 788 446 841 et
469 781 608 841 cedentes
632 781 669 841 ad
688 780 877 841 Celtiberiam
896 790 1074 843 consecutus

58 889 168 950 aggere
198 876 229 930 et
256 870 331 930 vallo
360 876 390 930 et
416 888 471 949 per
497 870 571 930 haec
595 873 646 930 siti
669 870 705 930 ad
728 869 910 930 deditionem
935 871 1075 950 conpulit.

58 962 103 1021 sic
129 961 253 1020 citerior
270 958 412 1038 Hispania
431 965 550 1037 recepta
570 966 623 1039 est,
646 978 702 1019 neo
720 958 845 1019 ulterior
862 978 976 1020 moram
994 960 1072 1020 lecit.
1092 971 1126 1019 29

58 1049 133 1127 quid
153 1050 234 1108 enim
253 1065 311 1108 una
329 1055 397 1131 post
416 1050 547 1126 quinque
566 1044 720 1126 legiones?
738 1050 837 1126 itaque
857 1049 934 1109 ultro
950 1051 1072 1110 cedente

16 1155 43 1194 ro
57 1137 193 1198 Varrone
213 1136 309 1197 Gades
333 1136 442 1197 fretum
462 1135 606 1217 Oceanus,
630 1139 727 1197 omnia
747 1137 919 1197 felicitatem
938 1139 1072 1199 Caesaris

58 1227 270 1305 sequebantur.

126 1315 247 1394 Aliquid
270 1322 370 1375 tamen
393 1314 534 1374 adversus
558 1314 711 1375 absentem
730 1315 835 1375 ducem
854 1334 924 1375 ausa
942 1315 1072 1375 Fortuna
1091 1327 1126 1376 30

58 1411 105 1465 est
129 1407 209 1465 circa
228 1402 377 1483 Illyricum
398 1411 426 1462 et
444 1403 582 1484 Africam,
606 1406 691 1482 quasi
710 1404 745 1464 de
764 1404 911 1465 industria
928 1423 1071 1484 prospera

57 1495 125 1554 eius
149 1492 283 1553 adversis
305 1492 443 1552 radiaret.
490 1494 599 1571 quippe
623 1511 691 1553 cum
713 1493 814 1553 lauces
837 1493 957 1553 Adriani
980 1496 1070 1553 maris
1090 1505 1123 1553 31

17 1598 42 1638 rs
57 1584 135 1642 iussi
169 1600 314 1660 occupare
347 1580 495 1641 Dolabella
528 1589 558 1640 et
589 1581 748 1662 Antonius,
779 1582 828 1642 ille
861 1581 990 1663 Illyrico,
1021 1583 1071 1642 bic

57 1670 209 1731 Curictico
237 1670 323 1729 litore
353 1677 448 1730 castra
476 1672 648 1748 posuissent
672 1673 731 1731 iam
754 1674 845 1731 maria
870 1670 927 1732 late
950 1679 1070 1732 tenente

55 1759 213 1840 Pompeio,
245 1765 369 1838 repente
399 1758 512 1837 legatus
541 1761 605 1819 eius
633 1759 771 1821 Octavius
799 1760 872 1820 Libo
900 1761 1070 1839 ingentibus

56 1851 152 1928 copiis
196 1847 389 1908 classicorum
425 1855 584 1926 utrumque
621 1851 822 1910 circumvenit.
890 1850 1070 1910 deditionem
1090 1861 1123 1909 32

56 1938 151 1998 sames
175 1939 300 1997 extorsit
322 1937 458 1996 Antonio.
499 1939 607 1996 missae
631 1956 749 2017 quoque
773 1957 788 1998 a
811 1938 909 1998 Basilo
932 1941 964 1998 in
987 1942 1069 1999 auxi-

16 2042 42 2081 11
56 2026 132 2087 lium
156 2028 221 2086 eius
244 2032 332 2105 rates,
357 2025 458 2103 quales
480 2027 580 2104 inopia
603 2029 721 2086 navium
745 2027 864 2107 lecerat,
887 2045 960 2087 nova
984 2027 1069 2086 Pom-

56 2117 234 2194 peianorum
266 2121 329 2174 arte
358 2113 483 2174 Cilicum
515 2116 588 2174 actis
622 2115 676 2174 sub
709 2118 784 2175 mari
816 2114 936 2176 lunibus
967 2124 1068 2194 captae

57 2205 144 2283 quasi
166 2222 222 2282 per
244 2202 422 2281 indaginem.
468 2203 541 2263 duas
564 2210 663 2263 tamen
686 2212 785 2264 aestus
809 2204 958 2283 explicuit.
1002 2224 1068 2284 una,
1088 2219 1122 2266 33

132 2344 145 2391 1
169 2339 247 2420 apud
272 2339 295 2393 O
317 2340 320 2407 1
346 2337 459 2420 sicorim
481 2339 508 2391 Β
529 2338 532 2410 1
556 2338 667 2392 amneni
686 2339 716 2420 ‘L
741 2341 745 2408 1
772 2338 900 2393 obsidere
923 2340 1003 2393 ΒΝ2
1021 2344 1030 2409 11
1052 2347 1067 2393 2

56 2408 806 2562 11111111111111111111111111
814 2415 1069 2555 attulisti

56 2557 73 2605 4
92 2553 277 2620 obsersorque
296 2555 319 2619 (s
338 2569 398 2620 sup.
413 2555 534 2621 priorem
552 2570 566 2604 r
584 2571 618 2607 m.
633 2554 664 2622 2)
682 2552 716 2606 N
732 2555 736 2621 1
759 2570 808 2621 qm
822 2560 886 2622 posi
904 2552 986 2622 quasi
1003 2557 1067 2609 add.

55 2624 89 2677 N
93 2624 103 2654 ²
120 2627 127 2704 1
146 2623 336 2677 obsedebatur
353 2625 381 2677 Β
403 2627 412 2691 11
436 2630 451 2676 5
474 2623 560 2677 rediit
577 2625 605 2677 B
626 2623 701 2677 redit
722 2624 765 2694 01
786 2625 814 2678 et
832 2625 896 2679 add.
916 2624 1069 2680 Salmasius

66 2693 165 2766 rediit]
179 2694 216 2749 N.
228 2693 362 2749 Heinsius
376 2693 488 2748 reddita
499 2695 705 2750 Freinshemius
721 2697 724 2764 1
740 2694 984 2764 populationibus:
999 2714 1066 2752 corr.

89 2768 95 2779 ’
113 2767 174 2820 eius
190 2765 194 2834 Ι
209 2782 306 2834 pugna
319 2765 378 2819 BL
392 2767 401 2836 11
416 2770 431 2818 6
451 2765 644 2820 aceltiueriam
664 2768 756 2836 (prior
774 2766 785 2819 i
798 2774 917 2822 correcta
931 2785 964 2822 ea
978 2772 1003 2837 e)
1017 2769 1045 2821 Β
1062 2770 1064 2807 ¹

55 2843 245 2905 consequutus
264 2836 292 2890 B
305 2840 344 2904 11
364 2835 484 2890 eontulit
498 2838 525 2890 Β
539 2839 548 2904 11
563 2843 595 2890 10
614 2837 702 2906 gades
721 2840 750 2908 (g
768 2845 887 2893 carrecta
905 2856 939 2893 eac
957 2855 971 2892 o
989 2856 1023 2892 m.
1040 2841 1066 2906 1)

54 2909 81 2961 Β
98 2911 101 2978 1
120 2906 235 2962 oceanis
255 2910 278 2975 (s
297 2910 386 2978 erasa)
400 2909 428 2961 Β
445 2912 448 2976 1
465 2906 632 2962 111111111111111
651 2909 771 2979 (virgata
788 2909 991 2979 111111111113
1010 2908 1066 2961 illi-

54 2979 130 3032 rium
142 2979 171 3032 B
189 2977 324 3032 illiricum
335 2980 362 3032 L
378 2980 382 3047 1
399 2977 553 3032 etaffrieam
568 2980 594 3033 L
610 2982 614 3045 1
630 2979 752 3033 moranti
766 2988 828 3053 aute
842 2979 924 3049 quasi
937 2980 1000 3034 add.
1015 2980 1043 3032 Β
1060 2979 1063 3051 1

55 3050 160 3104 circam
184 3048 327 3119 Illyricam
350 3050 378 3104 et
396 3049 521 3104 Africam
543 3067 621 3103 oram
639 3051 783 3120 Hauptius
805 3053 814 3120 11
838 3056 871 3104 14
895 3049 1019 3104 adversis
1038 3053 1066 3120 (v

53 3139 114 3190 usp.
130 3137 197 3176 vars.
207 3138 241 3175 m.
252 3123 280 3190 1)
294 3121 328 3175 N
340 3120 345 3192 1
360 3120 505 3174 radiarent
518 3123 546 3175 Β
559 3120 736 3176 radiarentur
753 3123 785 3177 O:
799 3138 867 3176 carr.
882 3123 1009 3188 latemus,
1028 3139 1066 3174 au

53 3190 200 3247 variaret?
218 3194 251 3245 ut
268 3208 402 3262 prospera
417 3191 476 3246 eius
491 3192 615 3246 adversis
630 3193 774 3247 radiarent
788 3193 920 3248 Halmius
935 3194 939 3262 1
957 3191 1065 3261 Quippe

52 3266 145 3334 (prior
163 3281 183 3332 p
201 3280 235 3317 ea
253 3262 272 3314 d
290 3280 360 3318 carr.
373 3282 407 3318 m.
424 3265 450 3332 1)
469 3264 496 3316 Β
512 3263 517 3335 1
532 3263 663 3318 hadriani
679 3265 728 3334 Lu
743 3268 775 3317 15
794 3262 877 3316 iussit
890 3263 918 3315 Β
939 3265 942 3332 1
962 3262 1064 3317 illirico

53 3337 80 3389 L
88 3336 97 3399 {3
109 3339 143 3388 16
154 3332 912 3403 111111111οοῦ11111111οΒ1.[1111111117406811111011.
922 3338 1045 3401 123‚315
1056 3336 1064 3405 11

55 3414 85 3460 11
96 3404 158 3458 libo
168 3404 288 3474 genibus
298 3405 326 3459 B
340 3406 348 3474 l
363 3411 396 3460 19
407 3404 514 3460 ablatio
523 3407 551 3459 B
561 3406 671 3460 ablasio
684 3406 715 3460 0:
729 3422 797 3461 corr.
809 3405 994 3460 F.Asutauus
1007 3407 1016 3476 11
1031 3410 1064 3458 20

53 3477 183 3532 fecerant
190 3476 229 3544 B,
242 3483 273 3532 at
285 3495 309 3533 a.
319 3477 363 3532 De
377 3477 491 3532 Smeeae
504 3484 637 3533 recenset
650 3479 817 3546 emendatp.
828 3478 957 3531 16811111.
968 3482 1066 3546 141121

54 3547 181 3603 submari
199 3547 221 3615 (i
238 3565 306 3604 corr.
322 3566 355 3604 ea
374 3551 399 3618 e>
416 3549 446 3602 B
461 3553 473 3619 11
491 3553 524 3603 22
543 3547 712 3622 indaginem
729 3550 761 3621 lg
778 3566 852 3606 corr.
865 3566 901 3604 eu
918 3565 936 3601 o
952 3551 1037 3614 11111
1051 3547 1083 3596 li
