2334 3922
111 187 154 252 30
474 184 585 239 suom
602 187 762 239 semona

60 369 92 416 12
112 357 214 432 magis,
265 355 365 431 itaque
403 359 432 412 et
469 350 606 412 consules
641 355 740 413 statim
771 353 927 430 magnifice
959 351 1124 413 voluntaria

113 442 264 502 deditione
300 441 517 520 turpitudinem
553 441 682 500 foederis
719 441 876 521 dirimunt,
913 446 943 500 et
979 440 1124 502 ultionem

111 531 247 609 flagitans
270 529 356 590 miles
380 529 498 608 Papirio
522 529 597 589 duce
617 563 658 571 —
680 528 823 610 horribile
847 528 930 589 dictu
949 532 1123 590 -strictis

112 618 233 679 ensibus
261 637 316 697 per
343 621 438 696 ipsam
466 619 544 677 viam
572 625 639 678 ante
667 635 797 696 pugnam
824 617 909 697 furit3
938 624 968 677 et
995 619 1027 677 in
1056 636 1124 678 con·

111 726 217 785 gressu
249 709 359 766 arsisse
392 709 524 766 omnium
557 705 659 766 oculos
691 706 786 766 hostis
818 713 921 766 auctor
954 706 1018 766 luit.
1069 724 1158 766 necs

111 799 195 876 prius
227 796 296 855 linis
328 794 467 854 caedibus
496 795 595 876 datus,
629 813 716 874 quam
744 797 846 872 iugum
874 801 903 854 et
930 794 1069 855 hostibus
1097 803 1125 855 et

112 884 181 945 duci
205 890 290 962 capto
314 890 521 962 reposuerunt.
882 884 886 892 '

152 1130 213 1190 Xll.
246 1130 394 1189 BELLVll
417 1130 614 1190 ETRVSCVM
637 1130 866 1191 ShMNlTlCVM
888 1130 1085 1191 GALLICVM.

60 1270 100 1334 17
178 1272 327 1332 Hactenus
356 1256 423 1331 cuni
452 1271 577 1349 singulis
605 1271 758 1353 gentibus,
787 1291 857 1332 mox
880 1274 1054 1353 acervatim3
1083 1274 1124 1332 sic

112 1380 230 1440 quoque
259 1380 313 1440 par
341 1359 478 1420 omnibus
507 1360 571 1420 init.
617 1359 811 1421 Etruscorum
834 1361 992 1421 duodecim
1014 1360 1124 1440 populi,
1137 1377 1160 1418 ro

111 1449 223 1509 Vmbri·
236 1452 267 1509 in
291 1449 321 1508 id
345 1456 462 1528 tempus
486 1451 600 1529 intacti,
623 1451 848 1527 antiquissimus
871 1448 971 1509 ltaliae
990 1448 1125 1528 populus,

113 1539 290 1598 Samnitium
318 1537 427 1616 reliqui
456 1539 487 1596 in
515 1537 663 1597 excidium
692 1537 817 1598 Romani
844 1540 974 1598 nominis
1003 1545 1125 1617 repente

77 1630 278 1686 nconiurant.
325 1633 389 1685 erat
411 1632 510 1685 terror
533 1628 637 1704 ingens
661 1632 704 1685 tot
729 1626 816 1687 simul
840 1634 1051 1705 tantorumque
1074 1644 1125 1705 po·

112 1713 258 1793 pulcrum.
305 1713 362 1773 late
395 1733 450 1793 per
481 1714 631 1774 Etruriam
663 1715 771 1775 infesta
803 1722 943 1793 quattuor
975 1716 1124 1792 agminum

77 1805 196 1881 3signa
220 1801 386 1862 volitabant.
433 1802 577 1863 Ciminius
601 1805 720 1863 interim
745 1803 837 1863 saltus
860 1806 891 1863 in
914 1803 1028 1884 medio,
1058 1810 1124 1863 ante
1141 1817 1164 1857 u

112 1892 209 1951 invius
240 1889 326 1969 plane
355 1893 439 1969 quasi
468 1890 645 1951 Caledonius
673 1891 719 1951 vel
746 1892 926 1972 Hercynius,
959 1891 1033 1951 adeo
1062 1898 1124 1951 tum

113 1981 222 2040 terrori
255 1987 318 2039 erat
350 1987 384 2039 ut
416 1987 536 2039 senatus
569 1979 684 2040 consuli
717 1980 906 2041 denuntiaret
937 1998 975 2039 ne
1009 1987 1126 2040 tantum

76 2081 92 2128 4
111 2068 237 2148 periculi
266 2067 383 2145 ingredi
411 2068 540 2128 auderet.
583 2076 628 2128 set
651 2068 725 2128 nihil
748 2069 855 2130 horum
878 2070 987 2128 terruit
1009 2067 1126 2129 ducem.

182 2275 204 2327 I
218 2279 232 2326 1
252 2273 424 2327 uolumtaria
442 2274 469 2326 Β
484 2275 493 2342 11
508 2280 522 2326 2
546 2275 592 2326 tur
611 2273 768 2342 pitudinem
792 2275 820 2343 (p
840 2275 926 2328 deleta
944 2280 1008 2328 octe
1026 2277 1057 2344 p)
1075 2275 1104 2328 Β
1121 2275 1125 2345 1

110 2343 259 2412 phoederis
277 2346 305 2399 B
328 2347 338 2414 11
361 2350 376 2396 3
400 2343 543 2398 horribilis
567 2347 593 2398 L
617 2343 730 2398 orribile
753 2346 776 2398 I
795 2349 800 2413 1
825 2344 917 2404 dictus
941 2346 964 2413 (s
987 2349 1126 2414 expuncti

110 2433 144 2468 m.
164 2418 191 2482 1)
210 2416 244 2468 N
256 2421 260 2478 1
277 2415 390 2467 structis
409 2417 436 2469 Β
451 2417 491 2484 114
510 2414 637 2469 sensibus
657 2418 789 2484 (primam
807 2433 820 2469 s
838 2418 975 2484 expunxit
992 2433 1026 2469 m.
1047 2425 1075 2484 1,
1094 2424 1127 2471 nt

110 2486 228 2553 videtur)
242 2486 276 2539 N
290 2485 411 2539 ensamis
431 2488 462 2538 cle
481 2485 594 2539 ensibus
612 2488 730 2541 metavit
743 2486 770 2539 L
791 2488 796 2555 1
818 2485 885 2542 fuit:
909 2486 1082 2541 6611116111.
1103 2487 1128 2541 it

110 2555 221 2609 Monac.
246 2554 282 2608 iit
299 2556 392 2609 Pctct.
415 2556 424 2624 11
448 2564 463 2610 6
482 2555 580 2626 iugum
605 2555 660 2610 sibi
682 2556 850 2625 promissum
873 2555 983 2611 romani
1005 2560 1036 2611 et
1059 2557 1127 2611 duci

112 2624 265 2678 samnitum
284 2628 313 2679 et
330 2625 459 2679 hostibus
478 2629 663 2695 reposuerunt
677 2630 697 2681 Ι
707 2630 716 2697 11
731 2632 746 2680 l
765 2629 949 2697 reposuerunt
962 2630 989 2697 (o
1003 2637 1127 2684 correcta

110 2713 144 2750 ecc
162 2698 191 2764 u)
210 2696 236 2748 L
250 2698 259 2765 11
274 2701 290 2750 8
309 2710 513 2752 ssuurmcnu·
530 2698 556 2751 L
570 2700 578 2766 11
592 2703 608 2750 9
622 2697 743 2768 populus
758 2714 889 2752 romanus
900 2706 965 2768 poet
977 2698 1125 2754 Hactenus

111 2767 174 2820 cdd.
194 2767 222 2819 Β
244 2766 349 2836 populo
372 2783 488 2820 romano
508 2769 542 2822 N
556 2768 660 2838 populo
678 2785 794 2822 romano
814 2769 920 2823 bellum
938 2770 965 2823 L
983 2787 1036 2825 om.
1055 2772 1081 2839 I,
1100 2789 1125 2826 c.

111 2838 148 2891 cet
158 2855 188 2906 p.
203 2842 250 2905 27,
266 2845 298 2906 1;
316 2841 352 2891 15
357 2858 367 2902 ;
385 2843 465 2905 28,7
490 2841 494 2908 1
520 2838 648 2909 gentium
663 2839 687 2894 0
708 2844 712 2907 1
737 2840 941 2894 cateruatiml
959 2842 964 2910 1
986 2840 1127 2895 sictsmen

110 2924 221 2977 quoque
244 2909 272 2962 Β
300 2906 341 2962 sic
363 2910 459 2963 tamen
482 2926 569 2977 coque
594 2912 616 2964 I
640 2913 767 2965 temen·
798 2910 838 2965 sic
861 2927 972 2979 quoque
996 2911 1030 2966 0:
1055 2930 1125 2968 corr.

109 2981 237 3041 Iahnius,
252 2982 286 3046 cf.
301 2981 323 3034 I
333 2984 377 3046 18,
392 2986 447 3043 2&
465 2982 505 3034 ΙΙ
515 2986 560 3048 16,
574 2986 607 3049 5,·
624 2986 717 3050 20,.5;
736 2986 780 3050 33,
793 2989 829 3036 56
843 2984 852 3052 11
868 2988 901 3036 10
916 2982 1072 3037 duodecem
1086 2985 1108 3038 I
1119 2985 1123 3055 1

109 3050 256 3119 populium
269 3049 300 3104 bi
314 3052 346 3104 e'n
358 3050 457 3120 populi
470 3050 563 3104 umbri
576 3059 640 3107 met.
655 3053 697 3106 B1
710 3054 720 3122 11
735 3058 766 3105 11
783 3052 886 3106 umbrii
895 3055 917 3107 I
925 3055 934 3123 11
949 3059 983 3106 12
999 3054 1124 3121 sinitum

109 3122 136 3174 L
152 3130 156 3189 1
173 3121 318 3176 Samnium
332 3120 462 3190 Gallique
477 3122 684 3178 Freinshemius
697 3125 706 3192 11
726 3128 758 3178 13
779 3123 934 3178 coniurent.
954 3126 1017 3178 eret
1035 3127 1124 3180 terror

111 3194 158 3248 CI
173 3192 353 3247 coniuranter
371 3194 446 3246 atter
463 3192 502 3246 tir
518 3194 546 3247 Β
565 3192 742 3247 coniurentes
763 3194 905 3248 accersitis
919 3196 960 3249 B¹
974 3197 983 3265 11
1000 3202 1034 3249 14
1052 3195 1122 3267 lats]

111 3280 128 3316 a
146 3262 235 3318 latere
256 3265 280 3319 C
301 3268 305 3331 1
330 3280 380 3332 per
403 3281 452 3318 om.
480 3264 503 3318 d
524 3266 527 3332 1
552 3263 686 3318 infestam
705 3265 739 3319 N
757 3268 766 3335 11
792 3273 823 3318 15
847 3264 1010 3320 uolitabsnt
1033 3269 1076 3334 (nt
1093 3269 1122 3322 ic

110 3351 210 3389 rasura
228 3353 262 3389 m.
283 3337 310 3404 11
329 3335 363 3388 Ν
381 3337 385 3402 1
411 3333 555 3402 Cyminius
579 3335 664 3390 nece.
689 3343 762 3391 1162
786 3353 853 3392 saec.
879 3337 961 3390 XVI
982 3337 1119 3407 geminius

110 3405 176 3457 AN
192 3404 325 3459 Geminus
345 3405 371 3458 L
389 3406 493 3460 Monere
521 3406 612 3460 Patet.
627 3407 637 3475 11
656 3412 688 3458 16
708 3406 873 3476 calydonius
892 3408 949 3461 NI
962 3408 1118 3464 celidonius

111 3473 137 3525 L
162 3478 166 3540 1
188 3474 352 3542 herqninius
370 3475 399 3528 A
416 3475 557 3548 hercinius
577 3476 604 3529 L
626 3478 630 3544 1
651 3477 718 3530 tunc
738 3477 827 3533 Gom.
847 3480 869 3531 I
886 3480 895 3548 11
920 3483 952 3532 17
971 3481 1062 3534 terror
1079 3481 1100 3534 Ι
1113 3480 1117 3551 1

111 3545 309 3613 616111Β1118
329 3546 379 3599 sed
397 3545 427 3614 (d
445 3553 565 3601 correcta
583 3564 616 3601 ecc
633 3549 656 3616 t)
675 3548 704 3601 B
722 3548 771 3602 sed
793 3548 839 3603 01
