<?xml version="1.0" encoding="UTF-8"?>
<!DOCTYPE html PUBLIC "-//W3C//DTD XHTML 1.0 Transitional//EN"
    "http://www.w3.org/TR/xhtml1/DTD/xhtml1-transitional.dtd">
<html xmlns="http://www.w3.org/1999/xhtml" xml:lang="en" lang="en">
 <head>
  <title>
</title>
<meta http-equiv="Content-Type" content="text/html;charset=utf-8" />
  <meta name='ocr-system' content='tesseract 3.04.00' />
  <meta name='ocr-capabilities' content='ocr_page ocr_carea ocr_par ocr_line ocrx_word'/>
</head>
<body>
  <div class='ocr_page' id='page_1' title='image "./lannaeifloriepi04florgoog_0129.png"; bbox 0 0 2334 3922; ppageno 0'>
   <div class='ocr_carea' id='block_1_1' title="bbox 103 188 757 253">
    <p class='ocr_par' dir='ltr' id='par_1_1' title="bbox 103 188 757 253">
     <span class='ocr_line' id='line_1_1' title="bbox 103 188 757 253; baseline -0.002 -14"><span class='ocrx_word' id='word_1_1' title='bbox 103 189 147 253; x_wconf 75' lang='lat'>55</span> <span class='ocrx_word' id='word_1_2' title='bbox 468 188 579 240; x_wconf 82' lang='lat' dir='ltr'>ruoai</span> <span class='ocrx_word' id='word_1_3' title='bbox 597 188 757 239; x_wconf 79' lang='lat' dir='ltr'>armona</span> 
     </span>
    </p>
   </div>
   <div class='ocr_carea' id='block_1_2' title="bbox 47 351 1166 2202">
    <p class='ocr_par' dir='ltr' id='par_1_2' title="bbox 105 351 1120 432">
     <span class='ocr_line' id='line_1_2' title="bbox 105 351 1120 432; baseline -0.002 -17"><span class='ocrx_word' id='word_1_4' title='bbox 105 355 164 415; x_wconf 93' lang='lat' dir='ltr'>sibi</span> <span class='ocrx_word' id='word_1_5' title='bbox 188 355 253 414; x_wconf 87' lang='lat' dir='ltr'>auri</span> <span class='ocrx_word' id='word_1_6' title='bbox 276 353 472 432; x_wconf 87' lang='lat' dir='ltr'>reliquerunt.</span> <span class='ocrx_word' id='word_1_7' title='bbox 519 370 611 431; x_wconf 82' lang='lat' dir='ltr'><strong>eques</strong></span> <span class='ocrx_word' id='word_1_8' title='bbox 635 359 757 413; x_wconf 89' lang='lat' dir='ltr'>secutus</span> <span class='ocrx_word' id='word_1_9' title='bbox 780 351 949 430; x_wconf 83' lang='lat' dir='ltr'>exemplum</span> <span class='ocrx_word' id='word_1_10' title='bbox 972 355 1120 414; x_wconf 90' lang='lat' dir='ltr'>imitatae·</span> 
     </span>
    </p>

    <p class='ocr_par' dir='ltr' id='par_1_3' title="bbox 47 439 1119 610">
     <span class='ocr_line' id='line_1_3' title="bbox 47 439 1119 522; baseline -0.003 -18"><span class='ocrx_word' id='word_1_11' title='bbox 47 456 84 505; x_wconf 79' lang='grc'>21</span> <span class='ocrx_word' id='word_1_12' title='bbox 105 461 163 522; x_wconf 86' lang='lat' dir='ltr'>que</span> <span class='ocrx_word' id='word_1_13' title='bbox 193 445 324 521; x_wconf 85' lang='lat' dir='ltr'><strong>equitem</strong></span> <span class='ocrx_word' id='word_1_14' title='bbox 351 441 457 502; x_wconf 92' lang='lat' dir='ltr'>tribus.</span> <span class='ocrx_word' id='word_1_15' title='bbox 504 441 632 520; x_wconf 89' lang='lat' dir='ltr'>denique</span> <span class='ocrx_word' id='word_1_16' title='bbox 650 443 708 500; x_wconf 69' lang='lat' dir='ltr'>oin</span> <span class='ocrx_word' id='word_1_17' title='bbox 737 441 882 500; x_wconf 80' lang='lat' dir='ltr'>suffecere</span> <span class='ocrx_word' id='word_1_18' title='bbox 911 439 1042 522; x_wconf 79' lang='lat' dir='ltr'>tabulae,</span> <span class='ocrx_word' id='word_1_19' title='bbox 1070 445 1119 501; x_wconf 80' lang='lat' dir='ltr'>vin</span> 
     </span>
     <span class='ocr_line' id='line_1_4' title="bbox 105 528 1119 610; baseline -0.001 -19"><span class='ocrx_word' id='word_1_20' title='bbox 105 531 271 592; x_wconf 91' lang='lat' dir='ltr'>scribarum</span> <span class='ocrx_word' id='word_1_21' title='bbox 302 548 408 590; x_wconf 92' lang='lat' dir='ltr'>manus</span> <span class='ocrx_word' id='word_1_22' title='bbox 441 529 568 590; x_wconf 84' lang='lat' dir='ltr'>Laevino</span> <span class='ocrx_word' id='word_1_23' title='bbox 602 528 801 608; x_wconf 80' lang='lat' dir='ltr'>Marcelloque</span> <span class='ocrx_word' id='word_1_24' title='bbox 834 528 1019 610; x_wconf 80' lang='lat' dir='ltr'>consulibua,</span> <span class='ocrx_word' id='word_1_25' title='bbox 1052 549 1119 590; x_wconf 89' lang='lat' dir='ltr'>cum</span> 
     </span>
    </p>

    <p class='ocr_par' dir='ltr' id='par_1_4' title="bbox 49 615 1157 1140">
     <span class='ocr_line' id='line_1_5' title="bbox 49 615 1120 699; baseline -0.002 -18"><span class='ocrx_word' id='word_1_26' title='bbox 49 633 84 681; x_wconf 82' lang='grc'>26</span> <span class='ocrx_word' id='word_1_27' title='bbox 103 621 287 699; x_wconf 83' lang='lat' dir='ltr'>privatorum</span> <span class='ocrx_word' id='word_1_28' title='bbox 315 637 387 697; x_wconf 91' lang='lat' dir='ltr'>opes</span> <span class='ocrx_word' id='word_1_29' title='bbox 415 621 447 679; x_wconf 91' lang='lat' dir='ltr'>in</span> <span class='ocrx_word' id='word_1_30' title='bbox 475 616 628 696; x_wconf 92' lang='lat' dir='ltr'>publicum</span> <span class='ocrx_word' id='word_1_31' title='bbox 655 618 852 678; x_wconf 86' lang='lat' dir='ltr'>deferrentur.</span> <span class='ocrx_word' id='word_1_32' title='bbox 899 617 970 696; x_wconf 84' lang='lat' dir='ltr'>quid</span> <span class='ocrx_word' id='word_1_33' title='bbox 998 615 1120 679; x_wconf 81' lang='lat' dir='ltr'>autem?</span> 
     </span>
     <span class='ocr_line' id='line_1_6' title="bbox 103 705 1157 787; baseline -0.007 -19"><span class='ocrx_word' id='word_1_34' title='bbox 103 711 135 768; x_wconf 94' lang='lat' dir='ltr'>in</span> <span class='ocrx_word' id='word_1_35' title='bbox 154 707 299 786; x_wconf 81' lang='lat' dir='ltr'>eligendis</span> <span class='ocrx_word' id='word_1_36' title='bbox 318 705 541 786; x_wconf 89' lang='lat' dir='ltr'>magistratibus</span> <span class='ocrx_word' id='word_1_37' title='bbox 561 725 635 784; x_wconf 88' lang='lat' dir='ltr'>quae</span> <span class='ocrx_word' id='word_1_38' title='bbox 655 709 858 767; x_wconf 87' lang='lat' dir='ltr'>centuriarum</span> <span class='ocrx_word' id='word_1_39' title='bbox 874 708 1030 787; x_wconf 78' lang='lat' dir='ltr'>sapientia,</span> <span class='ocrx_word' id='word_1_40' title='bbox 1050 725 1118 767; x_wconf 87' lang='lat' dir='ltr'>cum</span> <span class='ocrx_word' id='word_1_41' title='bbox 1144 721 1157 761; x_wconf 77' lang='lat' dir='ltr'>a</span> 
     </span>
     <span class='ocr_line' id='line_1_7' title="bbox 105 794 1119 856; baseline -0.001 0"><span class='ocrx_word' id='word_1_42' title='bbox 105 799 237 856; x_wconf 91' lang='lat' dir='ltr'>iuniores</span> <span class='ocrx_word' id='word_1_43' title='bbox 271 815 288 855; x_wconf 91' lang='lat' dir='ltr'>a</span> <span class='ocrx_word' id='word_1_44' title='bbox 320 794 489 856; x_wconf 90' lang='lat' dir='ltr'>senioribus</span> <span class='ocrx_word' id='word_1_45' title='bbox 523 794 680 855; x_wconf 91' lang='lat' dir='ltr'>consilium</span> <span class='ocrx_word' id='word_1_46' title='bbox 713 794 749 855; x_wconf 91' lang='lat' dir='ltr'>de</span> <span class='ocrx_word' id='word_1_47' title='bbox 780 794 916 855; x_wconf 80' lang='lat' dir='ltr'>creandis</span> <span class='ocrx_word' id='word_1_48' title='bbox 945 795 1119 856; x_wconf 90' lang='lat' dir='ltr'>consulibus</span> 
     </span>
     <span class='ocr_line' id='line_1_8' title="bbox 104 883 1120 964; baseline -0.001 -19"><span class='ocrx_word' id='word_1_49' title='bbox 104 887 263 964; x_wconf 86' lang='lat' dir='ltr'>petierunt.</span> <span class='ocrx_word' id='word_1_50' title='bbox 310 887 420 963; x_wconf 88' lang='lat' dir='ltr'>quippe</span> <span class='ocrx_word' id='word_1_51' title='bbox 444 883 587 944; x_wconf 81' lang='lat' dir='ltr'>adversus</span> <span class='ocrx_word' id='word_1_52' title='bbox 610 883 726 944; x_wconf 87' lang='lat' dir='ltr'>hostem</span> <span class='ocrx_word' id='word_1_53' title='bbox 749 885 859 943; x_wconf 88' lang='lat' dir='ltr'>totiens</span> <span class='ocrx_word' id='word_1_54' title='bbox 882 885 1036 964; x_wconf 89' lang='lat' dir='ltr'>victorem,</span> <span class='ocrx_word' id='word_1_55' title='bbox 1059 892 1120 944; x_wconf 90' lang='lat' dir='ltr'>tam</span> 
     </span>
     <span class='ocr_line' id='line_1_9' title="bbox 105 971 1120 1052; baseline -0.001 -19"><span class='ocrx_word' id='word_1_56' title='bbox 105 973 244 1034; x_wconf 89' lang='lat' dir='ltr'>callidum</span> <span class='ocrx_word' id='word_1_57' title='bbox 267 990 328 1032; x_wconf 94' lang='lat' dir='ltr'>non</span> <span class='ocrx_word' id='word_1_58' title='bbox 350 974 460 1033; x_wconf 84' lang='lat' dir='ltr'>virtute</span> <span class='ocrx_word' id='word_1_59' title='bbox 484 979 608 1052; x_wconf 88' lang='lat' dir='ltr'>tantum,</span> <span class='ocrx_word' id='word_1_60' title='bbox 632 971 684 1032; x_wconf 91' lang='lat' dir='ltr'>sed</span> <span class='ocrx_word' id='word_1_61' title='bbox 706 974 769 1033; x_wconf 91' lang='lat' dir='ltr'>suis</span> <span class='ocrx_word' id='word_1_62' title='bbox 788 974 878 1031; x_wconf 90' lang='lat' dir='ltr'>etiam</span> <span class='ocrx_word' id='word_1_63' title='bbox 896 989 1029 1050; x_wconf 88' lang='lat' dir='ltr'>pugnare</span> <span class='ocrx_word' id='word_1_64' title='bbox 1049 991 1120 1033; x_wconf 88' lang='lat' dir='ltr'>oon·</span> 
     </span>
     <span class='ocr_line' id='line_1_10' title="bbox 106 1060 370 1140; baseline 0 -20"><span class='ocrx_word' id='word_1_65' title='bbox 106 1061 182 1121; x_wconf 92' lang='lat' dir='ltr'>siliis</span> <span class='ocrx_word' id='word_1_66' title='bbox 206 1060 370 1140; x_wconf 91' lang='lat' dir='ltr'>oportebat.</span> 
     </span>
    </p>

    <p class='ocr_par' dir='ltr' id='par_1_5' title="bbox 52 1149 1163 1494">
     <span class='ocr_line' id='line_1_11' title="bbox 52 1149 1163 1229; baseline -0.003 -18"><span class='ocrx_word' id='word_1_67' title='bbox 52 1163 85 1211; x_wconf 82' lang='grc'>27</span> <span class='ocrx_word' id='word_1_68' title='bbox 171 1149 271 1208; x_wconf 89' lang='lat' dir='ltr'>Prima</span> <span class='ocrx_word' id='word_1_69' title='bbox 294 1149 448 1210; x_wconf 90' lang='lat' dir='ltr'>redeuntis</span> <span class='ocrx_word' id='word_1_70' title='bbox 472 1155 515 1229; x_wconf 87' lang='lat' dir='ltr'>et,</span> <span class='ocrx_word' id='word_1_71' title='bbox 542 1157 576 1209; x_wconf 92' lang='lat' dir='ltr'>ut</span> <span class='ocrx_word' id='word_1_72' title='bbox 598 1151 638 1209; x_wconf 92' lang='lat' dir='ltr'>ita</span> <span class='ocrx_word' id='word_1_73' title='bbox 662 1149 802 1227; x_wconf 85' lang='lat' dir='ltr'>dixerim,</span> <span class='ocrx_word' id='word_1_74' title='bbox 830 1150 1041 1209; x_wconf 84' lang='lat' dir='ltr'>revivescentis</span> <span class='ocrx_word' id='word_1_75' title='bbox 1065 1151 1121 1208; x_wconf 91' lang='lat' dir='ltr'>im·</span> <span class='ocrx_word' id='word_1_76' title='bbox 1138 1164 1163 1202; x_wconf 88' lang='lat'>10</span> 
     </span>
     <span class='ocr_line' id='line_1_12' title="bbox 105 1235 1121 1318; baseline -0.001 -21"><span class='ocrx_word' id='word_1_77' title='bbox 105 1239 182 1318; x_wconf 91' lang='lat' dir='ltr'>perii</span> <span class='ocrx_word' id='word_1_78' title='bbox 206 1255 273 1316; x_wconf 92' lang='lat' dir='ltr'>spes</span> <span class='ocrx_word' id='word_1_79' title='bbox 292 1236 401 1298; x_wconf 88' lang='lat' dir='ltr'>Fabius</span> <span class='ocrx_word' id='word_1_80' title='bbox 424 1238 489 1318; x_wconf 80' lang='lat' dir='ltr'>tuit,</span> <span class='ocrx_word' id='word_1_81' title='bbox 513 1240 565 1316; x_wconf 89' lang='lat' dir='ltr'>qui</span> <span class='ocrx_word' id='word_1_82' title='bbox 588 1255 694 1298; x_wconf 85' lang='lat' dir='ltr'>novam</span> <span class='ocrx_word' id='word_1_83' title='bbox 717 1237 753 1296; x_wconf 93' lang='lat' dir='ltr'>de</span> <span class='ocrx_word' id='word_1_84' title='bbox 777 1235 941 1297; x_wconf 90' lang='lat' dir='ltr'>Hannibale</span> <span class='ocrx_word' id='word_1_85' title='bbox 964 1239 1121 1298; x_wconf 87' lang='lat' dir='ltr'>victoriam</span> 
     </span>
     <span class='ocr_line' id='line_1_13' title="bbox 105 1325 1122 1410; baseline -0.001 -24"><span class='ocrx_word' id='word_1_86' title='bbox 105 1332 291 1387; x_wconf 92' lang='lat' dir='ltr'>commentus</span> <span class='ocrx_word' id='word_1_87' title='bbox 315 1333 370 1406; x_wconf 86' lang='lat' dir='ltr'>est,</span> <span class='ocrx_word' id='word_1_88' title='bbox 393 1344 453 1386; x_wconf 91' lang='lat' dir='ltr'>uon</span> <span class='ocrx_word' id='word_1_89' title='bbox 476 1344 617 1405; x_wconf 89' lang='lat' dir='ltr'>pugnare.</span> <span class='ocrx_word' id='word_1_90' title='bbox 662 1325 732 1386; x_wconf 91' lang='lat' dir='ltr'>hinc</span> <span class='ocrx_word' id='word_1_91' title='bbox 755 1325 800 1384; x_wconf 95' lang='lat' dir='ltr'>illi</span> <span class='ocrx_word' id='word_1_92' title='bbox 822 1342 988 1403; x_wconf 84' lang='lat' dir='ltr'>cognomen</span> <span class='ocrx_word' id='word_1_93' title='bbox 1011 1344 1122 1410; x_wconf 79' lang='lat' dir='ltr'>norpm</span> 
     </span>
     <span class='ocr_line' id='line_1_14' title="bbox 105 1411 1122 1494; baseline 0 -20"><span class='ocrx_word' id='word_1_94' title='bbox 105 1423 135 1475; x_wconf 92' lang='lat' dir='ltr'>et</span> <span class='ocrx_word' id='word_1_95' title='bbox 166 1417 211 1475; x_wconf 87' lang='lat' dir='ltr'>rei</span> <span class='ocrx_word' id='word_1_96' title='bbox 242 1433 271 1493; x_wconf 87' lang='lat' dir='ltr'>p.</span> <span class='ocrx_word' id='word_1_97' title='bbox 299 1414 427 1475; x_wconf 87' lang='lat' dir='ltr'>salutare</span> <span class='ocrx_word' id='word_1_98' title='bbox 462 1414 635 1494; x_wconf 83' lang='lat' dir='ltr'>Cunctator3</span> <span class='ocrx_word' id='word_1_99' title='bbox 668 1414 738 1474; x_wconf 89' lang='lat' dir='ltr'>hinc</span> <span class='ocrx_word' id='word_1_100' title='bbox 771 1413 843 1474; x_wconf 91' lang='lat' dir='ltr'>illud</span> <span class='ocrx_word' id='word_1_101' title='bbox 876 1432 912 1473; x_wconf 83' lang='lat' dir='ltr'>ex</span> <span class='ocrx_word' id='word_1_102' title='bbox 945 1411 1067 1493; x_wconf 84' lang='lat' dir='ltr'>populo&#39;</span> <span class='ocrx_word' id='word_1_103' title='bbox 1088 1424 1122 1475; x_wconf 92' lang='lat' dir='ltr'>ut</span> 
     </span>
    </p>

    <p class='ocr_par' dir='ltr' id='par_1_6' title="bbox 51 1502 1165 1759">
     <span class='ocr_line' id='line_1_15' title="bbox 51 1502 1122 1582; baseline -0.002 -18"><span class='ocrx_word' id='word_1_104' title='bbox 51 1516 86 1566; x_wconf 79' lang='grc'>28</span> <span class='ocrx_word' id='word_1_105' title='bbox 104 1504 224 1581; x_wconf 89' lang='lat' dir='ltr'>imperii</span> <span class='ocrx_word' id='word_1_106' title='bbox 255 1509 374 1563; x_wconf 90' lang='lat' dir='ltr'>scutum</span> <span class='ocrx_word' id='word_1_107' title='bbox 405 1510 569 1564; x_wconf 88' lang='lat' dir='ltr'>vocaretur.</span> <span class='ocrx_word' id='word_1_108' title='bbox 615 1505 715 1581; x_wconf 88' lang='lat' dir='ltr'>itaque</span> <span class='ocrx_word' id='word_1_109' title='bbox 747 1520 802 1580; x_wconf 92' lang='lat' dir='ltr'>per</span> <span class='ocrx_word' id='word_1_110' title='bbox 830 1502 983 1565; x_wconf 89' lang='lat' dir='ltr'>Samnium</span> <span class='ocrx_word' id='word_1_111' title='bbox 1015 1510 1122 1582; x_wconf 85' lang='lat' dir='ltr'>totum,</span> 
     </span>
     <span class='ocr_line' id='line_1_16' title="bbox 105 1590 1165 1670; baseline 0 -19"><span class='ocrx_word' id='word_1_112' title='bbox 105 1610 160 1670; x_wconf 92' lang='lat' dir='ltr'>per</span> <span class='ocrx_word' id='word_1_113' title='bbox 177 1590 319 1651; x_wconf 87' lang='lat' dir='ltr'>Falernos</span> <span class='ocrx_word' id='word_1_114' title='bbox 338 1590 550 1669; x_wconf 88' lang='lat' dir='ltr'>Gauranosque</span> <span class='ocrx_word' id='word_1_115' title='bbox 574 1591 666 1651; x_wconf 89' lang='lat' dir='ltr'>saltus</span> <span class='ocrx_word' id='word_1_116' title='bbox 686 1593 729 1651; x_wconf 90' lang='lat' dir='ltr'>sic</span> <span class='ocrx_word' id='word_1_117' title='bbox 747 1593 907 1651; x_wconf 84' lang='lat' dir='ltr'>maceravit</span> <span class='ocrx_word' id='word_1_118' title='bbox 925 1590 1123 1651; x_wconf 88' lang='lat' dir='ltr'>Hannibalem</span> <span class='ocrx_word' id='word_1_119' title='bbox 1139 1605 1165 1644; x_wconf 76' lang='lat'>1⁵</span> 
     </span>
     <span class='ocr_line' id='line_1_17' title="bbox 106 1679 1121 1759; baseline 0 -19"><span class='ocrx_word' id='word_1_120' title='bbox 106 1687 148 1758; x_wconf 86' lang='lat' dir='ltr'>ut,</span> <span class='ocrx_word' id='word_1_121' title='bbox 171 1681 240 1758; x_wconf 89' lang='lat' dir='ltr'>quia</span> <span class='ocrx_word' id='word_1_122' title='bbox 263 1679 358 1758; x_wconf 84' lang='lat' dir='ltr'>frangi</span> <span class='ocrx_word' id='word_1_123' title='bbox 381 1680 490 1740; x_wconf 89' lang='lat' dir='ltr'>virtute</span> <span class='ocrx_word' id='word_1_124' title='bbox 514 1698 574 1740; x_wconf 92' lang='lat' dir='ltr'>non</span> <span class='ocrx_word' id='word_1_125' title='bbox 597 1687 726 1759; x_wconf 84' lang='lat' dir='ltr'>poterat,</span> <span class='ocrx_word' id='word_1_126' title='bbox 749 1697 833 1739; x_wconf 89' lang='lat' dir='ltr'>mora</span> <span class='ocrx_word' id='word_1_127' title='bbox 856 1681 1121 1741; x_wconf 86' lang='lat' dir='ltr'>comminueretur.</span> 
     </span>
    </p>

    <p class='ocr_par' dir='ltr' id='par_1_7' title="bbox 52 1767 1124 1935">
     <span class='ocr_line' id='line_1_18' title="bbox 52 1767 1124 1845; baseline -0.002 -15"><span class='ocrx_word' id='word_1_128' title='bbox 52 1782 86 1830; x_wconf 82' lang='grc'>29</span> <span class='ocrx_word' id='word_1_129' title='bbox 107 1767 176 1827; x_wconf 92' lang='lat' dir='ltr'>inde</span> <span class='ocrx_word' id='word_1_130' title='bbox 210 1767 331 1827; x_wconf 83' lang='lat' dir='ltr'>Claudio</span> <span class='ocrx_word' id='word_1_131' title='bbox 363 1767 501 1829; x_wconf 88' lang='lat' dir='ltr'>Marcello</span> <span class='ocrx_word' id='word_1_132' title='bbox 534 1769 609 1828; x_wconf 87' lang='lat' dir='ltr'>duce</span> <span class='ocrx_word' id='word_1_133' title='bbox 643 1770 733 1828; x_wconf 86' lang='lat' dir='ltr'>ctiam</span> <span class='ocrx_word' id='word_1_134' title='bbox 765 1767 907 1845; x_wconf 88' lang='lat' dir='ltr'>congredi</span> <span class='ocrx_word' id='word_1_135' title='bbox 939 1785 1030 1828; x_wconf 92' lang='lat' dir='ltr'>ausus</span> <span class='ocrx_word' id='word_1_136' title='bbox 1063 1777 1124 1828; x_wconf 90' lang='lat' dir='ltr'>est:</span> 
     </span>
     <span class='ocr_line' id='line_1_19' title="bbox 105 1856 1123 1935; baseline 0 -19"><span class='ocrx_word' id='word_1_137' title='bbox 105 1858 272 1916; x_wconf 90' lang='lat' dir='ltr'>comminus</span> <span class='ocrx_word' id='word_1_138' title='bbox 299 1858 380 1917; x_wconf 85' lang='lat' dir='ltr'>venit</span> <span class='ocrx_word' id='word_1_139' title='bbox 407 1865 437 1916; x_wconf 91' lang='lat' dir='ltr'>et</span> <span class='ocrx_word' id='word_1_140' title='bbox 463 1856 590 1935; x_wconf 91' lang='lat' dir='ltr'>perculit</span> <span class='ocrx_word' id='word_1_141' title='bbox 617 1858 649 1916; x_wconf 94' lang='lat' dir='ltr'>in</span> <span class='ocrx_word' id='word_1_142' title='bbox 677 1856 836 1934; x_wconf 84' lang='lat' dir='ltr'>Campania</span> <span class='ocrx_word' id='word_1_143' title='bbox 863 1874 917 1915; x_wconf 88' lang='lat' dir='ltr'>sua</span> <span class='ocrx_word' id='word_1_144' title='bbox 954 1864 984 1917; x_wconf 88' lang='lat' dir='ltr'>et</span> <span class='ocrx_word' id='word_1_145' title='bbox 1011 1856 1047 1916; x_wconf 91' lang='lat' dir='ltr'>ab</span> <span class='ocrx_word' id='word_1_146' title='bbox 1071 1857 1123 1916; x_wconf 94' lang='lat' dir='ltr'>ob·</span> 
     </span>
    </p>

    <p class='ocr_par' dir='ltr' id='par_1_8' title="bbox 51 1941 1166 2202">
     <span class='ocr_line' id='line_1_20' title="bbox 51 1941 1124 2022; baseline -0.005 -14"><span class='ocrx_word' id='word_1_147' title='bbox 51 1959 87 2008; x_wconf 81' lang='grc'>30</span> <span class='ocrx_word' id='word_1_148' title='bbox 107 1944 222 2004; x_wconf 88' lang='lat' dir='ltr'>sidionc</span> <span class='ocrx_word' id='word_1_149' title='bbox 242 1943 332 2004; x_wconf 90' lang='lat' dir='ltr'>Nolae</span> <span class='ocrx_word' id='word_1_150' title='bbox 355 1944 439 2005; x_wconf 92' lang='lat' dir='ltr'>urbis</span> <span class='ocrx_word' id='word_1_151' title='bbox 461 1941 596 2005; x_wconf 70' lang='lat' dir='ltr'>euclusit.</span> <span class='ocrx_word' id='word_1_152' title='bbox 634 1963 723 2006; x_wconf 90' lang='lat' dir='ltr'>ausus</span> <span class='ocrx_word' id='word_1_153' title='bbox 743 1951 773 2004; x_wconf 93' lang='lat' dir='ltr'>et</span> <span class='ocrx_word' id='word_1_154' title='bbox 792 1941 971 2022; x_wconf 89' lang='lat' dir='ltr'>Sempronio</span> <span class='ocrx_word' id='word_1_155' title='bbox 990 1944 1124 2005; x_wconf 86' lang='lat' dir='ltr'>Graccho</span> 
     </span>
     <span class='ocr_line' id='line_1_21' title="bbox 105 2032 1166 2113; baseline 0.001 -21"><span class='ocrx_word' id='word_1_156' title='bbox 105 2033 180 2093; x_wconf 92' lang='lat' dir='ltr'>duce</span> <span class='ocrx_word' id='word_1_157' title='bbox 218 2051 272 2112; x_wconf 88' lang='lat' dir='ltr'>per</span> <span class='ocrx_word' id='word_1_158' title='bbox 303 2032 464 2094; x_wconf 87' lang='lat' dir='ltr'>Lucaniam</span> <span class='ocrx_word' id='word_1_159' title='bbox 501 2036 587 2111; x_wconf 88' lang='lat' dir='ltr'>sequi</span> <span class='ocrx_word' id='word_1_160' title='bbox 624 2040 654 2093; x_wconf 91' lang='lat' dir='ltr'>et</span> <span class='ocrx_word' id='word_1_161' title='bbox 690 2050 829 2111; x_wconf 88' lang='lat' dir='ltr'>premere</span> <span class='ocrx_word' id='word_1_162' title='bbox 861 2041 945 2111; x_wconf 88' lang='lat' dir='ltr'>terga</span> <span class='ocrx_word' id='word_1_163' title='bbox 966 2033 1123 2113; x_wconf 75' lang='lat' dir='ltr'>cedentia,</span> <span class='ocrx_word' id='word_1_164' title='bbox 1137 2048 1166 2086; x_wconf 80' lang='lat'>20</span> 
     </span>
     <span class='ocr_line' id='line_1_22' title="bbox 106 2121 1123 2202; baseline -0.001 -20"><span class='ocrx_word' id='word_1_165' title='bbox 106 2124 240 2200; x_wconf 84' lang='lat' dir='ltr'>quamvis</span> <span class='ocrx_word' id='word_1_166' title='bbox 258 2128 331 2202; x_wconf 84' lang='lat' dir='ltr'>tum,</span> <span class='ocrx_word' id='word_1_167' title='bbox 355 2140 372 2180; x_wconf 97' lang='lat' dir='ltr'>o</span> <span class='ocrx_word' id='word_1_168' title='bbox 391 2122 497 2202; x_wconf 78' lang='lat' dir='ltr'>pudor,</span> <span class='ocrx_word' id='word_1_169' title='bbox 517 2139 608 2181; x_wconf 91' lang='lat' dir='ltr'>manu</span> <span class='ocrx_word' id='word_1_170' title='bbox 627 2121 729 2181; x_wconf 87' lang='lat' dir='ltr'>servili</span> <span class='ocrx_word' id='word_1_171' title='bbox 747 2128 906 2199; x_wconf 89' lang='lat' dir='ltr'>pugnaret:</span> <span class='ocrx_word' id='word_1_172' title='bbox 924 2139 994 2181; x_wconf 91' lang='lat' dir='ltr'>nam</span> <span class='ocrx_word' id='word_1_173' title='bbox 1012 2122 1123 2181; x_wconf 87' lang='lat' dir='ltr'>hucus-</span> 
     </span>
    </p>
   </div>
   <div class='ocr_carea' id='block_1_3' title="bbox 29 2273 1126 3620">
    <p class='ocr_par' dir='ltr' id='par_1_9' title="bbox 29 2273 1126 3620">
     <span class='ocr_line' id='line_1_23' title="bbox 176 2273 1124 2344; baseline 0.002 -17"><span class='ocrx_word' id='word_1_174' title='bbox 176 2276 198 2327; x_wconf 93' lang='lat'><strong><em>1</em></strong></span> <span class='ocrx_word' id='word_1_175' title='bbox 218 2281 232 2327; x_wconf 95' lang='lat'>1</span> <span class='ocrx_word' id='word_1_176' title='bbox 257 2276 393 2342; x_wconf 80' lang='lat' dir='ltr'>sequutus</span> <span class='ocrx_word' id='word_1_177' title='bbox 417 2275 445 2328; x_wconf 99' lang='grc' dir='ltr'><strong><em>Β</em></strong></span> <span class='ocrx_word' id='word_1_178' title='bbox 469 2275 474 2342; x_wconf 93' lang='grc'>1</span> <span class='ocrx_word' id='word_1_179' title='bbox 499 2273 659 2344; x_wconf 86' lang='lat' dir='ltr'>exemplum</span> <span class='ocrx_word' id='word_1_180' title='bbox 682 2273 771 2344; x_wconf 90' lang='lat' dir='ltr'>(plum</span> <span class='ocrx_word' id='word_1_181' title='bbox 792 2290 881 2343; x_wconf 78' lang='lat' dir='ltr'>supro</span> <span class='ocrx_word' id='word_1_182' title='bbox 906 2291 1014 2329; x_wconf 77' lang='lat' dir='ltr'>uersum</span> <span class='ocrx_word' id='word_1_183' title='bbox 1028 2292 1070 2328; x_wconf 77' lang='grc'>111.</span> <span class='ocrx_word' id='word_1_184' title='bbox 1094 2278 1124 2342; x_wconf 80' lang='lat'>2)</span> 
     </span>
     <span class='ocr_line' id='line_1_24' title="bbox 106 2343 1124 2414; baseline 0 -15"><span class='ocrx_word' id='word_1_185' title='bbox 106 2345 141 2399; x_wconf 90' lang='lat' dir='ltr'><strong><em>N</em></strong></span> <span class='ocrx_word' id='word_1_186' title='bbox 161 2348 165 2414; x_wconf 97' lang='grc'>1</span> <span class='ocrx_word' id='word_1_187' title='bbox 190 2344 405 2414; x_wconf 82' lang='lat' dir='ltr'>immitataeque</span> <span class='ocrx_word' id='word_1_188' title='bbox 428 2345 457 2399; x_wconf 90' lang='grc' dir='ltr'><strong><em>Β</em></strong></span> <span class='ocrx_word' id='word_1_189' title='bbox 478 2348 488 2411; x_wconf 95' lang='grc'>11</span> <span class='ocrx_word' id='word_1_190' title='bbox 511 2349 526 2398; x_wconf 92' lang='grc'>2</span> <span class='ocrx_word' id='word_1_191' title='bbox 550 2344 677 2399; x_wconf 86' lang='lat' dir='ltr'>sufficere</span> <span class='ocrx_word' id='word_1_192' title='bbox 700 2346 728 2400; x_wconf 98' lang='lat' dir='ltr'><strong><em>A</em></strong></span> <span class='ocrx_word' id='word_1_193' title='bbox 753 2348 757 2414; x_wconf 97' lang='grc'>1</span> <span class='ocrx_word' id='word_1_194' title='bbox 782 2344 832 2398; x_wconf 89' lang='lat' dir='ltr'>uix</span> <span class='ocrx_word' id='word_1_195' title='bbox 859 2343 879 2414; x_wconf 91' lang='lat' dir='ltr'>(i</span> <span class='ocrx_word' id='word_1_196' title='bbox 906 2361 993 2414; x_wconf 79' lang='lat' dir='ltr'>supro</span> <span class='ocrx_word' id='word_1_197' title='bbox 1017 2361 1124 2400; x_wconf 82' lang='lat' dir='ltr'>uersum</span> 
     </span>
     <span class='ocr_line' id='line_1_25' title="bbox 105 2414 1123 2486; baseline 0 -17"><span class='ocrx_word' id='word_1_198' title='bbox 105 2433 140 2469; x_wconf 85' lang='lat' dir='ltr'>ur.</span> <span class='ocrx_word' id='word_1_199' title='bbox 160 2417 188 2483; x_wconf 91' lang='lat'>1)</span> <span class='ocrx_word' id='word_1_200' title='bbox 207 2416 241 2468; x_wconf 90' lang='lat' dir='ltr'><strong><em>N</em></strong></span> <span class='ocrx_word' id='word_1_201' title='bbox 254 2418 264 2485; x_wconf 91' lang='grc'>11</span> <span class='ocrx_word' id='word_1_202' title='bbox 284 2422 301 2469; x_wconf 82' lang='grc'>4</span> <span class='ocrx_word' id='word_1_203' title='bbox 319 2416 449 2486; x_wconf 87' lang='lat' dir='ltr'>priuatae</span> <span class='ocrx_word' id='word_1_204' title='bbox 470 2415 510 2484; x_wconf 98' lang='grc'>01</span> <span class='ocrx_word' id='word_1_205' title='bbox 526 2415 695 2470; x_wconf 81' lang='lat' dir='ltr'>referrentur</span> <span class='ocrx_word' id='word_1_206' title='bbox 712 2417 741 2470; x_wconf 93' lang='lat' dir='ltr'><strong><em>A</em></strong></span> <span class='ocrx_word' id='word_1_207' title='bbox 759 2414 937 2470; x_wconf 85' lang='lat' dir='ltr'>defarruntur</span> <span class='ocrx_word' id='word_1_208' title='bbox 954 2416 989 2469; x_wconf 88' lang='lat' dir='ltr'><strong><em>N</em></strong></span> <span class='ocrx_word' id='word_1_209' title='bbox 1003 2416 1013 2483; x_wconf 96' lang='grc'>11</span> <span class='ocrx_word' id='word_1_210' title='bbox 1031 2420 1048 2468; x_wconf 79' lang='lat'><strong>5</strong></span> <span class='ocrx_word' id='word_1_211' title='bbox 1068 2415 1123 2469; x_wconf 91' lang='lat' dir='ltr'>ele-</span> 
     </span>
     <span class='ocr_line' id='line_1_26' title="bbox 105 2484 1126 2556; baseline 0 -17"><span class='ocrx_word' id='word_1_212' title='bbox 105 2484 207 2555; x_wconf 84' lang='lat' dir='ltr'>gendis</span> <span class='ocrx_word' id='word_1_213' title='bbox 226 2486 279 2539; x_wconf 87' lang='lat' dir='ltr'>LI</span> <span class='ocrx_word' id='word_1_214' title='bbox 290 2490 294 2553; x_wconf 97' lang='grc'>1</span> <span class='ocrx_word' id='word_1_215' title='bbox 310 2485 525 2556; x_wconf 84' lang='lat' dir='ltr'>magistratibus</span> <span class='ocrx_word' id='word_1_216' title='bbox 545 2489 587 2555; x_wconf 84' lang='lat' dir='ltr'>(ua</span> <span class='ocrx_word' id='word_1_217' title='bbox 604 2488 636 2541; x_wconf 81' lang='grc'>111</span> <span class='ocrx_word' id='word_1_218' title='bbox 653 2504 755 2542; x_wconf 76' lang='lat' dir='ltr'>rasura</span> <span class='ocrx_word' id='word_1_219' title='bbox 767 2504 802 2542; x_wconf 82' lang='lat' dir='ltr'>ut.</span> <span class='ocrx_word' id='word_1_220' title='bbox 818 2488 845 2556; x_wconf 89' lang='lat'>1)</span> <span class='ocrx_word' id='word_1_221' title='bbox 860 2487 893 2541; x_wconf 94' lang='lat' dir='ltr'><strong><em>N</em></strong></span> <span class='ocrx_word' id='word_1_222' title='bbox 902 2488 912 2556; x_wconf 92' lang='grc'>11</span> <span class='ocrx_word' id='word_1_223' title='bbox 926 2493 942 2541; x_wconf 83' lang='lat' dir='ltr'>&#39;t</span> <span class='ocrx_word' id='word_1_224' title='bbox 960 2485 1126 2556; x_wconf 78' lang='lat' dir='ltr'>petiuerunt</span> 
     </span>
     <span class='ocr_line' id='line_1_27' title="bbox 105 2557 1124 2626; baseline -0.001 -16"><span class='ocrx_word' id='word_1_225' title='bbox 105 2560 135 2625; x_wconf 88' lang='lat' dir='ltr'>(p</span> <span class='ocrx_word' id='word_1_226' title='bbox 159 2562 222 2610; x_wconf 84' lang='lat' dir='ltr'>auto</span> <span class='ocrx_word' id='word_1_227' title='bbox 245 2575 264 2626; x_wconf 89' lang='lat' dir='ltr'>p</span> <span class='ocrx_word' id='word_1_228' title='bbox 288 2558 385 2625; x_wconf 83' lang='lat' dir='ltr'>deleta)</span> <span class='ocrx_word' id='word_1_229' title='bbox 404 2557 438 2611; x_wconf 91' lang='lat' dir='ltr'><strong><em>N</em></strong></span> <span class='ocrx_word' id='word_1_230' title='bbox 456 2557 620 2626; x_wconf 79' lang='lat' dir='ltr'>petiuerunt</span> <span class='ocrx_word' id='word_1_231' title='bbox 637 2557 664 2611; x_wconf 89' lang='lat' dir='ltr'><strong><em>L</em></strong></span> <span class='ocrx_word' id='word_1_232' title='bbox 688 2559 692 2626; x_wconf 92' lang='grc'>1</span> <span class='ocrx_word' id='word_1_233' title='bbox 718 2560 808 2611; x_wconf 80' lang='lat' dir='ltr'>ostem</span> <span class='ocrx_word' id='word_1_234' title='bbox 825 2558 847 2612; x_wconf 92' lang='lat' dir='ltr'><em>I</em></span> <span class='ocrx_word' id='word_1_235' title='bbox 867 2560 872 2622; x_wconf 91' lang='grc'>1</span> <span class='ocrx_word' id='word_1_236' title='bbox 896 2573 960 2613; x_wconf 85' lang='lat' dir='ltr'>cam</span> <span class='ocrx_word' id='word_1_237' title='bbox 978 2560 1043 2626; x_wconf 78' lang='lat' dir='ltr'>pou</span> <span class='ocrx_word' id='word_1_238' title='bbox 1062 2559 1124 2611; x_wconf 85' lang='lat' dir='ltr'>tam</span> 
     </span>
     <span class='ocr_line' id='line_1_28' title="bbox 106 2626 1124 2700; baseline 0 -20"><span class='ocrx_word' id='word_1_239' title='bbox 106 2627 172 2680; x_wconf 82' lang='lat' dir='ltr'>odd.</span> <span class='ocrx_word' id='word_1_240' title='bbox 192 2626 225 2680; x_wconf 94' lang='lat' dir='ltr'><strong><em>N</em></strong></span> <span class='ocrx_word' id='word_1_241' title='bbox 235 2628 244 2694; x_wconf 96' lang='grc'>11</span> <span class='ocrx_word' id='word_1_242' title='bbox 259 2631 293 2678; x_wconf 88' lang='grc'>10</span> <span class='ocrx_word' id='word_1_243' title='bbox 311 2629 340 2680; x_wconf 90' lang='lat' dir='ltr'>et</span> <span class='ocrx_word' id='word_1_244' title='bbox 353 2627 421 2682; x_wconf 94' lang='lat' dir='ltr'>AN</span> <span class='ocrx_word' id='word_1_245' title='bbox 424 2627 435 2659; x_wconf 79' lang='lat'><em>²</em></span> <span class='ocrx_word' id='word_1_246' title='bbox 453 2628 502 2681; x_wconf 86' lang='lat' dir='ltr'>aed</span> <span class='ocrx_word' id='word_1_247' title='bbox 522 2627 671 2700; x_wconf 74' lang='grc'>01111111</span> <span class='ocrx_word' id='word_1_248' title='bbox 691 2626 949 2698; x_wconf 76' lang='grc'>0111111111111111</span> <span class='ocrx_word' id='word_1_249' title='bbox 967 2627 1036 2682; x_wconf 91' lang='lat' dir='ltr'>BN</span> <span class='ocrx_word' id='word_1_250' title='bbox 1049 2627 1124 2682; x_wconf 88' lang='lat' dir='ltr'>reui-</span> 
     </span>
     <span class='ocr_line' id='line_1_29' title="bbox 106 2694 1123 2769; baseline 0.004 -20"><span class='ocrx_word' id='word_1_251' title='bbox 106 2694 242 2750; x_wconf 82' lang='lat' dir='ltr'>uiscentia</span> <span class='ocrx_word' id='word_1_252' title='bbox 261 2697 314 2751; x_wconf 90' lang='lat' dir='ltr'>LI</span> <span class='ocrx_word' id='word_1_253' title='bbox 323 2700 333 2765; x_wconf 95' lang='grc'>1</span> <span class='ocrx_word' id='word_1_254' title='bbox 347 2704 380 2752; x_wconf 94' lang='grc'>11</span> <span class='ocrx_word' id='word_1_255' title='bbox 399 2697 493 2751; x_wconf 80' lang='lat' dir='ltr'>lanius</span> <span class='ocrx_word' id='word_1_256' title='bbox 513 2698 562 2766; x_wconf 76' lang='lat' dir='ltr'>Nl</span> <span class='ocrx_word' id='word_1_257' title='bbox 579 2698 712 2753; x_wconf 84' lang='lat' dir='ltr'>annibale</span> <span class='ocrx_word' id='word_1_258' title='bbox 731 2698 829 2769; x_wconf 91' lang='grc' dir='ltr'>Β1112</span> <span class='ocrx_word' id='word_1_259' title='bbox 848 2714 1003 2769; x_wconf 88' lang='lat' dir='ltr'>cognomen</span> <span class='ocrx_word' id='word_1_260' title='bbox 1022 2700 1123 2768; x_wconf 81' lang='lat' dir='ltr'>(poste-</span> 
     </span>
     <span class='ocr_line' id='line_1_30' title="bbox 106 2767 1123 2839; baseline 0.003 -18"><span class='ocrx_word' id='word_1_261' title='bbox 106 2767 165 2822; x_wconf 81' lang='lat' dir='ltr'>rior</span> <span class='ocrx_word' id='word_1_262' title='bbox 183 2782 199 2820; x_wconf 95' lang='lat' dir='ltr'>o</span> <span class='ocrx_word' id='word_1_263' title='bbox 218 2775 340 2823; x_wconf 81' lang='lat' dir='ltr'>correcta</span> <span class='ocrx_word' id='word_1_264' title='bbox 357 2786 391 2824; x_wconf 83' lang='grc'>11</span> <span class='ocrx_word' id='word_1_265' title='bbox 408 2768 452 2822; x_wconf 84' lang='lat' dir='ltr'>itu</span> <span class='ocrx_word' id='word_1_266' title='bbox 470 2771 543 2825; x_wconf 79' lang='lat' dir='ltr'>iuter</span> <span class='ocrx_word' id='word_1_267' title='bbox 555 2771 737 2838; x_wconf 77' lang='lat' dir='ltr'>scribendum)</span> <span class='ocrx_word' id='word_1_268' title='bbox 752 2770 778 2822; x_wconf 88' lang='lat' dir='ltr'><strong><em>L</em></strong></span> <span class='ocrx_word' id='word_1_269' title='bbox 791 2772 801 2839; x_wconf 95' lang='grc'>11</span> <span class='ocrx_word' id='word_1_270' title='bbox 815 2775 849 2823; x_wconf 86' lang='grc'>13</span> <span class='ocrx_word' id='word_1_271' title='bbox 864 2771 1012 2823; x_wconf 81' lang='lat' dir='ltr'>cunctator</span> <span class='ocrx_word' id='word_1_272' title='bbox 1025 2772 1123 2838; x_wconf 84' lang='lat' dir='ltr'>(supra</span> 
     </span>
     <span class='ocr_line' id='line_1_31' title="bbox 106 2839 1123 2910; baseline 0 -17"><span class='ocrx_word' id='word_1_273' title='bbox 106 2854 212 2893; x_wconf 78' lang='lat' dir='ltr'>uersum</span> <span class='ocrx_word' id='word_1_274' title='bbox 229 2840 302 2894; x_wconf 80' lang='lat' dir='ltr'>iuter</span> <span class='ocrx_word' id='word_1_275' title='bbox 319 2857 339 2892; x_wconf 90' lang='lat' dir='ltr'>u</span> <span class='ocrx_word' id='word_1_276' title='bbox 357 2846 383 2894; x_wconf 88' lang='grc'>11</span> <span class='ocrx_word' id='word_1_277' title='bbox 400 2857 420 2892; x_wconf 91' lang='lat' dir='ltr'>n</span> <span class='ocrx_word' id='word_1_278' title='bbox 437 2857 497 2895; x_wconf 82' lang='lat' dir='ltr'>uuo</span> <span class='ocrx_word' id='word_1_279' title='bbox 514 2842 606 2895; x_wconf 80' lang='lat' dir='ltr'>littero</span> <span class='ocrx_word' id='word_1_280' title='bbox 623 2843 712 2910; x_wconf 77' lang='grc'>111111</span> <span class='ocrx_word' id='word_1_281' title='bbox 731 2840 766 2894; x_wconf 94' lang='lat' dir='ltr'><strong><em>N</em></strong></span> <span class='ocrx_word' id='word_1_282' title='bbox 781 2843 786 2909; x_wconf 94' lang='grc'>1</span> <span class='ocrx_word' id='word_1_283' title='bbox 808 2839 874 2894; x_wconf 85' lang='lat' dir='ltr'>illut</span> <span class='ocrx_word' id='word_1_284' title='bbox 892 2841 926 2893; x_wconf 94' lang='lat' dir='ltr'><strong><em>N</em></strong></span> <span class='ocrx_word' id='word_1_285' title='bbox 943 2841 953 2909; x_wconf 93' lang='grc'>11</span> <span class='ocrx_word' id='word_1_286' title='bbox 977 2845 1011 2893; x_wconf 80' lang='grc'>14</span> <span class='ocrx_word' id='word_1_287' title='bbox 1029 2842 1123 2894; x_wconf 81' lang='lat' dir='ltr'>totum</span> 
     </span>
     <span class='ocr_line' id='line_1_32' title="bbox 106 2907 1124 2981; baseline 0.002 -19"><span class='ocrx_word' id='word_1_288' title='bbox 106 2924 157 2978; x_wconf 88' lang='lat' dir='ltr'>per</span> <span class='ocrx_word' id='word_1_289' title='bbox 174 2907 297 2964; x_wconf 83' lang='lat' dir='ltr'>falernos</span> <span class='ocrx_word' id='word_1_290' title='bbox 316 2927 366 2965; x_wconf 85' lang='lat' dir='ltr'>om.</span> <span class='ocrx_word' id='word_1_291' title='bbox 386 2911 485 2978; x_wconf 79' lang='grc' dir='ltr'>Β111</span> <span class='ocrx_word' id='word_1_292' title='bbox 504 2910 667 2965; x_wconf 85' lang='lat' dir='ltr'>annibalem</span> <span class='ocrx_word' id='word_1_293' title='bbox 685 2911 736 2981; x_wconf 72' lang='lat' dir='ltr'>A!</span> <span class='ocrx_word' id='word_1_294' title='bbox 752 2919 784 2966; x_wconf 85' lang='lat' dir='ltr'>to</span> <span class='ocrx_word' id='word_1_295' title='bbox 803 2910 853 2979; x_wconf 90' lang='lat' dir='ltr'>qui</span> <span class='ocrx_word' id='word_1_296' title='bbox 872 2910 912 2980; x_wconf 88' lang='grc'>01</span> <span class='ocrx_word' id='word_1_297' title='bbox 929 2910 1067 2965; x_wconf 84' lang='lat' dir='ltr'>uirtutem</span> <span class='ocrx_word' id='word_1_298' title='bbox 1084 2913 1124 2981; x_wconf 81' lang='lat' dir='ltr'>&lt;m</span> 
     </span>
     <span class='ocr_line' id='line_1_33' title="bbox 107 2980 1125 3051; baseline -0.001 -16"><span class='ocrx_word' id='word_1_299' title='bbox 107 2983 196 3049; x_wconf 76' lang='lat' dir='ltr'>eraso)</span> <span class='ocrx_word' id='word_1_300' title='bbox 214 2982 243 3034; x_wconf 93' lang='grc' dir='ltr'><strong><em>Β</em></strong></span> <span class='ocrx_word' id='word_1_301' title='bbox 260 2980 396 3036; x_wconf 84' lang='lat' dir='ltr'>uirtutem</span> <span class='ocrx_word' id='word_1_302' title='bbox 414 2981 441 3035; x_wconf 90' lang='lat' dir='ltr'><strong><em>L</em></strong></span> <span class='ocrx_word' id='word_1_303' title='bbox 457 2983 467 3050; x_wconf 93' lang='grc'>11</span> <span class='ocrx_word' id='word_1_304' title='bbox 486 2986 519 3035; x_wconf 80' lang='grc'>11</span> <span class='ocrx_word' id='word_1_305' title='bbox 538 2984 582 3036; x_wconf 84' lang='grc'>111</span> <span class='ocrx_word' id='word_1_306' title='bbox 599 2983 650 3037; x_wconf 82' lang='lat' dir='ltr'>del.</span> <span class='ocrx_word' id='word_1_307' title='bbox 671 2982 829 3038; x_wconf 79' lang='lat' dir='ltr'>Gronovius</span> <span class='ocrx_word' id='word_1_308' title='bbox 846 2984 856 3051; x_wconf 95' lang='grc'>1</span> <span class='ocrx_word' id='word_1_309' title='bbox 875 2986 908 3036; x_wconf 83' lang='grc'>18</span> <span class='ocrx_word' id='word_1_310' title='bbox 927 2981 1084 3036; x_wconf 82' lang='lat' dir='ltr'>comminus</span> <span class='ocrx_word' id='word_1_311' title='bbox 1103 2981 1125 3051; x_wconf 89' lang='lat' dir='ltr'>(i</span> 
     </span>
     <span class='ocr_line' id='line_1_34' title="bbox 29 3051 1121 3122; baseline -0.002 -14"><span class='ocrx_word' id='word_1_312' title='bbox 29 3051 32 3059; x_wconf 88' lang='lat'>&#39;</span> <span class='ocrx_word' id='word_1_313' title='bbox 106 3057 228 3108; x_wconf 83' lang='lat' dir='ltr'>correcta</span> <span class='ocrx_word' id='word_1_314' title='bbox 245 3069 280 3107; x_wconf 81' lang='grc'>11</span> <span class='ocrx_word' id='word_1_315' title='bbox 297 3070 316 3106; x_wconf 92' lang='lat' dir='ltr'>u</span> <span class='ocrx_word' id='word_1_316' title='bbox 333 3054 466 3120; x_wconf 72' lang='lat' dir='ltr'>radendo)</span> <span class='ocrx_word' id='word_1_317' title='bbox 486 3052 520 3106; x_wconf 94' lang='lat' dir='ltr'><strong><em>N</em></strong></span> <span class='ocrx_word' id='word_1_318' title='bbox 534 3051 694 3106; x_wconf 79' lang='lat' dir='ltr'>Communis</span> <span class='ocrx_word' id='word_1_319' title='bbox 714 3052 919 3107; x_wconf 79' lang='lat' dir='ltr'>incomminus</span> <span class='ocrx_word' id='word_1_320' title='bbox 937 3054 1057 3109; x_wconf 84' lang='lat' dir='ltr'>mutauit</span> <span class='ocrx_word' id='word_1_321' title='bbox 1074 3052 1101 3106; x_wconf 87' lang='lat' dir='ltr'><strong><em>L</em></strong></span> <span class='ocrx_word' id='word_1_322' title='bbox 1118 3054 1121 3122; x_wconf 93' lang='grc'>1</span> 
     </span>
     <span class='ocr_line' id='line_1_35' title="bbox 106 3122 1124 3194; baseline -0.002 -17"><span class='ocrx_word' id='word_1_323' title='bbox 106 3122 232 3193; x_wconf 84' lang='lat' dir='ltr'>perpulit</span> <span class='ocrx_word' id='word_1_324' title='bbox 250 3123 278 3177; x_wconf 87' lang='lat' dir='ltr'><strong><em>A</em></strong></span> <span class='ocrx_word' id='word_1_325' title='bbox 295 3122 407 3193; x_wconf 81' lang='lat' dir='ltr'>pepulit</span> <span class='ocrx_word' id='word_1_326' title='bbox 425 3123 466 3178; x_wconf 89' lang='lat' dir='ltr'>N:</span> <span class='ocrx_word' id='word_1_327' title='bbox 486 3140 555 3179; x_wconf 82' lang='lat' dir='ltr'>corr.</span> <span class='ocrx_word' id='word_1_328' title='bbox 575 3124 729 3178; x_wconf 78' lang='lat' dir='ltr'>Suimueiua</span> <span class='ocrx_word' id='word_1_329' title='bbox 746 3122 872 3194; x_wconf 81' lang='lat' dir='ltr'>reppulit</span> <span class='ocrx_word' id='word_1_330' title='bbox 889 3122 920 3176; x_wconf 90' lang='lat' dir='ltr'>in</span> <span class='ocrx_word' id='word_1_331' title='bbox 938 3123 1124 3193; x_wconf 82' lang='lat' dir='ltr'>Campaniam</span> 
     </span>
     <span class='ocr_line' id='line_1_36' title="bbox 107 3192 1122 3264; baseline 0.001 -17"><span class='ocrx_word' id='word_1_332' title='bbox 107 3211 188 3248; x_wconf 88' lang='lat' dir='ltr'>suam</span> <span class='ocrx_word' id='word_1_333' title='bbox 207 3193 339 3249; x_wconf 79' lang='lat' dir='ltr'>Halmius</span> <span class='ocrx_word' id='word_1_334' title='bbox 357 3200 362 3263; x_wconf 98' lang='grc'>1</span> <span class='ocrx_word' id='word_1_335' title='bbox 379 3192 547 3264; x_wconf 86' lang='lat' dir='ltr'>acampania</span> <span class='ocrx_word' id='word_1_336' title='bbox 565 3211 623 3250; x_wconf 85' lang='lat' dir='ltr'>sua.</span> <span class='ocrx_word' id='word_1_337' title='bbox 642 3195 670 3248; x_wconf 92' lang='lat' dir='ltr'><strong><em>L</em></strong></span> <span class='ocrx_word' id='word_1_338' title='bbox 724 3199 757 3248; x_wconf 84' lang='lat'>19</span> <span class='ocrx_word' id='word_1_339' title='bbox 776 3196 861 3248; x_wconf 83' lang='lat' dir='ltr'>notae</span> <span class='ocrx_word' id='word_1_340' title='bbox 878 3196 916 3263; x_wconf 88' lang='grc' dir='ltr'>ΙΙ</span> <span class='ocrx_word' id='word_1_341' title='bbox 932 3193 1057 3248; x_wconf 76' lang='lat' dir='ltr'>excussit</span> <span class='ocrx_word' id='word_1_342' title='bbox 1077 3194 1101 3249; x_wconf 91' lang='grc'>0</span> <span class='ocrx_word' id='word_1_343' title='bbox 1118 3196 1122 3263; x_wconf 91' lang='grc'>1</span> 
     </span>
     <span class='ocr_line' id='line_1_37' title="bbox 107 3265 1124 3341; baseline 0 -23"><span class='ocrx_word' id='word_1_344' title='bbox 107 3267 152 3319; x_wconf 82' lang='lat' dir='ltr'>eat</span> <span class='ocrx_word' id='word_1_345' title='bbox 169 3271 233 3319; x_wconf 85' lang='lat' dir='ltr'>outo</span> <span class='ocrx_word' id='word_1_346' title='bbox 250 3267 280 3319; x_wconf 86' lang='grc'>11</span> <span class='ocrx_word' id='word_1_347' title='bbox 298 3266 361 3320; x_wconf 79' lang='lat' dir='ltr'>add.</span> <span class='ocrx_word' id='word_1_348' title='bbox 380 3267 402 3318; x_wconf 96' lang='lat' dir='ltr'><strong><em>I</em></strong></span> <span class='ocrx_word' id='word_1_349' title='bbox 422 3267 426 3334; x_wconf 98' lang='grc'>1</span> <span class='ocrx_word' id='word_1_350' title='bbox 449 3280 500 3335; x_wconf 90' lang='lat' dir='ltr'>pro</span> <span class='ocrx_word' id='word_1_351' title='bbox 514 3271 578 3334; x_wconf 79' lang='lat' dir='ltr'>poet</span> <span class='ocrx_word' id='word_1_352' title='bbox 596 3268 626 3319; x_wconf 81' lang='lat' dir='ltr'>et</span> <span class='ocrx_word' id='word_1_353' title='bbox 643 3267 707 3320; x_wconf 82' lang='lat' dir='ltr'>add.</span> <span class='ocrx_word' id='word_1_354' title='bbox 727 3271 753 3320; x_wconf 93' lang='grc'>11</span> <span class='ocrx_word' id='word_1_355' title='bbox 769 3266 907 3341; x_wconf 73' lang='lat' dir='ltr'>expunxit</span> <span class='ocrx_word' id='word_1_356' title='bbox 924 3265 951 3318; x_wconf 89' lang='lat' dir='ltr'><strong><em>L</em></strong></span> <span class='ocrx_word' id='word_1_357' title='bbox 973 3273 977 3330; x_wconf 90' lang='grc'>1</span> <span class='ocrx_word' id='word_1_358' title='bbox 999 3265 1124 3335; x_wconf 86' lang='lat' dir='ltr'>graccho</span> 
     </span>
     <span class='ocr_line' id='line_1_38' title="bbox 108 3334 1124 3407; baseline -0.001 -18"><span class='ocrx_word' id='word_1_359' title='bbox 108 3335 138 3404; x_wconf 93' lang='lat' dir='ltr'>(h</span> <span class='ocrx_word' id='word_1_360' title='bbox 157 3343 277 3391; x_wconf 81' lang='lat' dir='ltr'>correcto</span> <span class='ocrx_word' id='word_1_361' title='bbox 293 3353 328 3391; x_wconf 82' lang='grc'>11</span> <span class='ocrx_word' id='word_1_362' title='bbox 346 3339 373 3406; x_wconf 90' lang='grc' dir='ltr'>ο)</span> <span class='ocrx_word' id='word_1_363' title='bbox 391 3338 420 3391; x_wconf 96' lang='grc' dir='ltr'><strong><em>Β</em></strong></span> <span class='ocrx_word' id='word_1_364' title='bbox 437 3338 447 3404; x_wconf 88' lang='grc'>1</span> <span class='ocrx_word' id='word_1_365' title='bbox 465 3342 500 3391; x_wconf 89' lang='grc'>20</span> <span class='ocrx_word' id='word_1_366' title='bbox 518 3335 662 3392; x_wconf 68' lang='lat' dir='ltr'>cadensstis</span> <span class='ocrx_word' id='word_1_367' title='bbox 685 3336 719 3390; x_wconf 94' lang='lat' dir='ltr'><strong><em>N</em></strong></span> <span class='ocrx_word' id='word_1_368' title='bbox 737 3338 747 3405; x_wconf 95' lang='grc'>11</span> <span class='ocrx_word' id='word_1_369' title='bbox 769 3342 803 3390; x_wconf 87' lang='grc'>21</span> <span class='ocrx_word' id='word_1_370' title='bbox 822 3338 890 3390; x_wconf 84' lang='lat' dir='ltr'>tuno</span> <span class='ocrx_word' id='word_1_371' title='bbox 909 3335 951 3407; x_wconf 87' lang='grc'>01</span> <span class='ocrx_word' id='word_1_372' title='bbox 967 3337 1011 3390; x_wconf 81' lang='grc'>,6.</span> <span class='ocrx_word' id='word_1_373' title='bbox 1031 3334 1124 3406; x_wconf 91' lang='lat' dir='ltr'>pudor</span> 
     </span>
     <span class='ocr_line' id='line_1_39' title="bbox 107 3406 1123 3477; baseline 0 -18"><span class='ocrx_word' id='word_1_374' title='bbox 107 3421 208 3459; x_wconf 82' lang='lat' dir='ltr'>manus</span> <span class='ocrx_word' id='word_1_375' title='bbox 227 3409 250 3474; x_wconf 86' lang='lat' dir='ltr'>(s</span> <span class='ocrx_word' id='word_1_376' title='bbox 268 3409 405 3476; x_wconf 74' lang='grc'>1111111111</span> <span class='ocrx_word' id='word_1_377' title='bbox 422 3425 457 3463; x_wconf 86' lang='lat' dir='ltr'>m.</span> <span class='ocrx_word' id='word_1_378' title='bbox 473 3409 499 3477; x_wconf 87' lang='grc'>11</span> <span class='ocrx_word' id='word_1_379' title='bbox 513 3407 547 3461; x_wconf 88' lang='grc' dir='ltr'><strong><em>Ν</em></strong></span> <span class='ocrx_word' id='word_1_380' title='bbox 562 3409 578 3461; x_wconf 87' lang='grc' dir='ltr'>ὁ</span> <span class='ocrx_word' id='word_1_381' title='bbox 597 3406 688 3477; x_wconf 88' lang='lat' dir='ltr'>pudor</span> <span class='ocrx_word' id='word_1_382' title='bbox 705 3422 791 3460; x_wconf 86' lang='lat' dir='ltr'>manu</span> <span class='ocrx_word' id='word_1_383' title='bbox 806 3407 833 3460; x_wconf 94' lang='lat' dir='ltr'><strong><em>L</em></strong></span> <span class='ocrx_word' id='word_1_384' title='bbox 851 3422 867 3460; x_wconf 92' lang='lat' dir='ltr'>o</span> <span class='ocrx_word' id='word_1_385' title='bbox 885 3406 978 3476; x_wconf 88' lang='lat' dir='ltr'>pudor</span> <span class='ocrx_word' id='word_1_386' title='bbox 995 3407 1017 3461; x_wconf 94' lang='lat' dir='ltr'><strong><em>I</em></strong></span> <span class='ocrx_word' id='word_1_387' title='bbox 1030 3406 1123 3476; x_wconf 88' lang='lat' dir='ltr'>pudor</span> 
     </span>
     <span class='ocr_line' id='line_1_40' title="bbox 108 3476 1121 3548; baseline 0 -19"><span class='ocrx_word' id='word_1_388' title='bbox 108 3476 136 3529; x_wconf 94' lang='grc' dir='ltr'><strong><em>Β</em></strong></span> <span class='ocrx_word' id='word_1_389' title='bbox 153 3477 274 3545; x_wconf 87' lang='lat' dir='ltr'>populus</span> <span class='ocrx_word' id='word_1_390' title='bbox 292 3477 435 3532; x_wconf 82' lang='lat' dir='ltr'>Romanus</span> <span class='ocrx_word' id='word_1_391' title='bbox 453 3479 572 3533; x_wconf 82' lang='lat' dir='ltr'>Iahniuo</span> <span class='ocrx_word' id='word_1_392' title='bbox 593 3494 643 3548; x_wconf 89' lang='lat' dir='ltr'>pro</span> <span class='ocrx_word' id='word_1_393' title='bbox 666 3476 758 3546; x_wconf 88' lang='lat' dir='ltr'>pudor</span> <span class='ocrx_word' id='word_1_394' title='bbox 780 3477 914 3533; x_wconf 76' lang='lat' dir='ltr'>Hulmiua</span> <span class='ocrx_word' id='word_1_395' title='bbox 938 3479 942 3546; x_wconf 95' lang='grc' dir='ltr'>Ι</span> <span class='ocrx_word' id='word_1_396' title='bbox 968 3477 1121 3532; x_wconf 81' lang='lat' dir='ltr'>exercitum</span> 
     </span>
     <span class='ocr_line' id='line_1_41' title="bbox 106 3548 803 3620; baseline 0.004 -21"><span class='ocrx_word' id='word_1_397' title='bbox 106 3554 173 3601; x_wconf 82' lang='lat' dir='ltr'>unte</span> <span class='ocrx_word' id='word_1_398' title='bbox 189 3563 257 3600; x_wconf 89' lang='lat' dir='ltr'>nam</span> <span class='ocrx_word' id='word_1_399' title='bbox 276 3549 341 3604; x_wconf 82' lang='lat' dir='ltr'>add.</span> <span class='ocrx_word' id='word_1_400' title='bbox 359 3548 388 3603; x_wconf 94' lang='grc' dir='ltr'><strong><em>Β</em></strong></span> <span class='ocrx_word' id='word_1_401' title='bbox 406 3548 530 3603; x_wconf 86' lang='lat' dir='ltr'>exercitu</span> <span class='ocrx_word' id='word_1_402' title='bbox 549 3550 587 3620; x_wconf 90' lang='grc' dir='ltr'>Ι1</span> <span class='ocrx_word' id='word_1_403' title='bbox 602 3550 682 3603; x_wconf 88' lang='lat' dir='ltr'>lucus</span> <span class='ocrx_word' id='word_1_404' title='bbox 701 3563 755 3617; x_wconf 85' lang='lat' dir='ltr'>que</span> <span class='ocrx_word' id='word_1_405' title='bbox 774 3549 803 3602; x_wconf 96' lang='grc' dir='ltr'><strong><em>Β</em></strong></span> 
     </span>
    </p>
   </div>
   <div class='ocr_carea' id='block_1_4' title="bbox 0 0 1175 3922">
    <p class='ocr_par' dir='ltr' id='par_1_10' title="bbox 0 0 1175 3922">
     <span class='ocr_line' id='line_1_42' title="bbox 0 0 1175 3922; baseline 0 0"><span class='ocrx_word' id='word_1_406' title='bbox 0 0 1175 3922; x_wconf 95' lang='lat' dir='ltr'> </span> 
     </span>
    </p>
   </div>
  </div>
 </body>
</html>
