2334 3922
72 112 138 166 VIH
388 112 589 163 PRAEFATIO
608 111 778 163 EDITORIS

73 282 152 358 pius,
176 280 229 357 qui
251 279 355 338 libello
379 279 548 338 academico
572 272 620 338 ‘de
639 281 704 337 arte
723 278 827 337 critica
845 278 877 336 in
896 277 982 338 Flori
1000 278 1084 338 bellis

73 373 155 430 recte
183 361 330 428 facienda'
355 366 518 445 Gottingae
545 386 623 426 anno
651 365 864 426 MDOOOLXX
891 366 974 426 edito
1002 386 1085 444 prae·

73 459 190 518 clarum
212 476 301 518 verae
329 459 360 516 11
383 457 517 516 sincerae
540 456 662 515 criticae
686 456 856 532 exemplum
885 449 1085 538 proposuit¹).

73 568 143 608 oum
170 549 273 606 autem
300 547 418 623 aliquot
446 549 567 605 tantum
594 545 737 622 exemplis
760 564 852 622 quam
874 545 958 604 viam
980 545 1084 605 ineun-

74 637 143 696 dam
172 655 235 695 1111
263 637 387 711 putaret
414 634 657 712 significavisset,
684 633 822 693 certatim
846 632 901 692 alii
922 633 984 694 viri
1006 634 1086 695 docti

74 728 292 785 concurrerunt
323 727 359 783 ut
390 723 545 800 scriptoris
576 726 747 799 temporum
778 722 893 781 iniuria
921 723 1003 782 male
1035 724 1085 782 ha·

74 815 132 875 biti
161 815 237 877 alios
263 814 346 872 locos
374 816 524 872 sanarent.
566 832 602 872 ex
630 831 759 889 quorum
781 829 907 871 numero
932 812 1085 872 mentione

75 902 244 981 dignissimi
262 905 334 961 sunt
351 902 528 961 Franciscus
547 901 715 961 Kochlerus
735 901 837 978 quiin
856 894 1085 962 ‘observationi-

73 992 130 1058 bus
153 990 265 1052 critiois
287 992 319 1049 in
342 991 456 1050 Iulium
478 983 628 1068 Florum',
658 990 870 1050 dissertatione
893 988 1086 1068 Gottingensi

74 1081 144 1139 anni
162 1078 385 1155 MDCCCLXV,
403 1080 464 1138 iam
483 1083 554 1139 ante
570 1079 738 1156 Sauppium
755 1078 867 1138 librum
885 1079 1087 1157 Bambergen·

74 1188 136 1228 sem
161 1169 316 1245 aliquanto
340 1168 464 1228 minoris
488 1187 579 1246 quam
601 1168 726 1228 Iahnius
747 1171 887 1244 putasset
914 1168 1086 1228 faciendum

74 1277 138 1317 esse
162 1258 319 1335 docuerat,
348 1257 401 1317 Th.
422 1256 558 1334 Opitzius
586 1257 640 1335 qui
668 1260 699 1316 11
721 1257 753 1315 in
776 1257 879 1316 annali
901 1257 1085 1338 philologico

74 1347 168 1406 CXXI
182 1338 299 1427 (1880)
312 1368 341 1424 p.
357 1349 420 1407 203
438 1366 481 1424 sq.
496 1350 527 1406 et
544 1347 576 1405 in
594 1349 817 1423 programmate
832 1345 986 1424 gymnasii
998 1346 1086 1407 Dres-

73 1437 172 1495 densis
195 1435 391 1512 Neapolitani
415 1436 486 1494 anni
511 1438 595 1494 1884
619 1436 786 1512 permultos
808 1435 892 1494 riori
914 1435 998 1495 locos
1021 1435 1085 1494 dili·

74 1527 180 1602 genter
199 1527 230 1583 et
248 1528 337 1584 acute
356 1525 565 1602 consideravit,
584 1524 616 1583 L.
633 1524 790 1584 Goertzius
805 1525 859 1601 qui
876 1517 1086 1601 1111111110-

72 1634 146 1672 num
165 1614 339 1673 criticarum
357 1613 394 1672 de
407 1614 469 1672 Iuli
486 1613 569 1672 Flori
588 1613 689 1672 codice
703 1613 871 1672 Nazariano
890 1614 1031 1690 partibus
1045 1607 1085 1673 11'

74 1721 151 1779 quae
169 1703 275 1761 insunt
293 1703 324 1760 in
343 1702 556 1778 scriptionibus
576 1701 764 1761 scholasticis
778 1702 1020 1778 Dorpateusibus
1037 1721 1086 1762 an·

73 1811 182 1851 norum
204 1788 476 1850 MDGOOLXXXV
504 1794 536 1850 et
557 1789 843 1850 MDOOOLXXXVI
870 1793 969 1850 totam
993 1793 1086 1868 epito-

74 1900 154 1939 mam
177 1879 294 1939 ratione
317 1880 446 1938 maxime
465 1880 570 1939 habita
593 1880 711 1958 generis
730 1880 849 1939 dicendi
866 1879 1002 1940 Floriani
1021 1900 1088 1957 per-

73 1969 228 2046 tractavit,
247 1967 376 2046 denique
390 1968 438 2028 W.
452 1968 583 2028 Beckius
597 1970 629 2027 in
644 1962 915 2030 ‘observationibus
930 1969 1044 2030 criticis
1058 1972 1089 2029 11

74 2057 335 2136 palaeographiois
354 2058 393 2116 ad
410 2057 494 2117 Illori
512 2058 675 2133 epitomam
694 2058 730 2116 de
750 2059 782 2118 Τ.
801 2051 901 2118 Livio'
917 2056 1089 2138 Groningae

76 2167 153 2207 anno
187 2145 388 2206 Muoooxol
425 2146 540 2206 emissis
577 2150 608 2205 et
642 2147 674 2205 in
705 2146 912 2222 disputatione
943 2148 1089 2225 inscripta

75 2229 140 2295 ‘zur
154 2235 348 2314 Wdrdigung
365 2236 419 2295 der
431 2236 580 2295 Leidener
592 2235 929 2295 Florushandsohriiten
943 2235 1032 2297 Voss.
1049 2240 1089 2297 14

74 2324 137 2383 und
162 2318 215 2383 77’
240 2328 271 2384 11
294 2320 609 2384 ‘commentationibus
628 2317 873 2384 Woelfflinianis'
898 2315 941 2406 (p.
959 2319 1090 2406 ldlsq.)

75 2413 190 2472 inserta
217 2413 305 2490 quasi
327 2414 452 2473 Florum
478 2414 579 2490 ipsum
602 2413 740 2472 imitatus
763 2414 794 2471 in
818 2413 931 2474 tabulis
955 2415 1030 2492 quid
1054 2415 1090 2474 de

75 2501 149 2561 locis
178 2502 377 2562 controversis
401 2501 527 2561 sentiret
550 2502 587 2561 ob
611 2502 714 2561 oculos
737 2503 840 2578 posuit
862 2505 894 2562 et
917 2521 953 2561 ex
983 2503 1092 2573 codici·

74 2589 132 2648 bus
157 2589 284 2649 alterius
306 2589 487 2649 recensionis
511 2591 549 2649 ab
567 2591 673 2650 Iahnio
697 2610 757 2651 non
779 2592 922 2668 inspectis
944 2593 1036 2668 plura
1060 2597 1091 2653 et

76 2678 204 2739 certiora
227 2678 357 2755 protulit
379 2698 471 2756 quam
495 2679 641 2740 Graevius
665 2680 875 2758 Dukerusque.

143 2768 186 2826 At
209 2767 288 2826 enim
312 2765 470 2827 Goertzius
494 2771 525 2827 et
547 2769 679 2828 Beckius
702 2787 771 2830 cum
793 2769 892 2828 Iahnii
915 2769 1092 2850 11Η11111111

79 2856 132 2933 qui
151 2856 290 2915 undecim
318 2874 411 2916 annos
438 2859 509 2933 post
534 2859 614 2917 hunc
636 2858 761 2917 Florum
789 2859 870 2936 apud
898 2859 1093 2919 Teubnerum

80 2946 188 3021 edidit,
220 2963 351 3004 errorem
382 2946 463 3007 iusto
495 2947 591 3023 pluris
622 2945 734 3005 librum
761 2947 1016 3025 Bambergensem
1048 2951 1093 3009 fa·

72 3035 224 3107 ‚cientium
246 3034 437 3110 vitavissent,
466 3054 481 3094 1
505 3036 655 3096 contrario
683 3036 771 3095 nimis
794 3037 899 3098 favent
921 3037 1092 3115 Nazariano

151 3277 178 3343 1)
196 3273 318 3345 repetita
341 3276 385 3328 est
402 3274 473 3329 haec
492 3274 690 3329 commentatio
709 3273 740 3328 in
757 3275 790 3329 H.
812 3275 930 3347 Sauppii
948 3279 1094 3348 opusculis

81 3344 194 3399 selectis
212 3364 239 3414 p.
255 3351 366 3414 608sq.,
385 3344 415 3399 in
434 3362 552 3413 quorum
570 3345 746 3417 praefatione
764 3346 847 3400 huius
865 3347 1014 3404 inventum
1032 3368 1094 3406 1111

80 3418 113 3470 ut
131 3415 280 3486 scriptores
298 3419 406 3471 veteres
426 3417 463 3471 ad
481 3417 619 3487 optimum
637 3433 776 3485 quemque
795 3418 921 3473 codicem
943 3421 1096 3492 exigantur

83 3486 153 3541 alios
173 3504 284 3555 quoque
302 3488 396 3558 legere
413 3487 531 3542 miratos
551 3504 611 3542 esee
630 3488 736 3558 opinor.
