2334 3922
386 203 411 271 1,
432 208 475 258 eo.
494 209 529 257 io
548 203 596 274 (n,
615 207 740 273 re-ao).

307 439 418 499 XXXV.
451 438 602 501 BELLVM
624 440 831 501 ASIATICVM.

128 581 211 641 Victa
234 581 271 641 ad
290 599 428 641 oceasum
446 581 589 661 Hispania
607 582 735 662 populus
753 582 904 643 Romanus
923 584 959 644 ad
979 587 1076 645 orien-
1090 599 1125 667 11,
1140 583 1161 646 2

60 678 123 731 tem
146 688 250 749 pacem
274 669 390 751 agebat,
413 689 469 731 nec
491 688 596 749 pacem
619 672 716 752 modo,
740 672 793 731 sed
815 674 957 733 inusitata
980 680 1010 733 et
1032 676 1078 734 in-

60 761 181 836 cognita
205 758 331 836 quadam
354 759 495 819 felicitate
519 757 640 819 relictae
660 762 752 837 regiis
771 759 986 820 hereditatibus
1006 780 1077 841 opes

31 854 92 914 eet
123 853 185 906 tota
215 846 341 906 insemel
369 864 460 925 regna
487 848 653 907 veniebant.
699 847 812 908 Attalus
840 867 894 909 rex
920 848 1113 928 Pergamei

58 953 177 1016 norum,
200 938 280 1014 regis
299 935 443 996 Eumenis
466 935 560 1016 filius,
584 938 658 996 socii
682 936 830 1015 quondam
854 937 1077 999 commilitonis-

60 1042 118 1103 que
150 1025 259 1104 nostri,
291 1031 502 1085 testamentum
534 1024 669 1102 reliquit:
703 1021 841 1104 ‘populus
869 1026 902 1087 R.
931 1027 1078 1088 bonorum

58 1130 197 1172 meorum
219 1113 309 1173 heres
333 1121 405 1174 esto.
447 1112 589 1173 inbonis
613 1117 693 1191 regis
716 1114 789 1174 haec
811 1112 956 1180 inerunt'.
999 1116 1077 1176 adita
1096 1129 1112 1177 3

60 1203 154 1279 igitur
181 1200 347 1262 hereditate
375 1204 559 1282 provinciam
581 1201 611 1262 P.
635 1201 668 1261 R.
697 1221 757 1262 non
782 1203 902 1282 quidem
921 1203 999 1265 hello
1022 1223 1078 1265 nec

18 1314 45 1354 ιο
61 1292 167 1371 armis,
190 1290 257 1371 sed,
281 1291 360 1370 quod
384 1292 517 1372 aequius,
539 1292 710 1351 testamenti
733 1293 798 1352 iure
822 1292 978 1354 retinebat.
1026 1292 1077 1352 sed
1096 1304 1114 1353 4

60 1379 136 1439 hanc
165 1378 286 1439 difficile
314 1379 395 1440 dictu
425 1386 470 1440 est
497 1386 598 1440 utrum
627 1379 743 1440 facilius
772 1382 905 1440 amiserit
928 1381 958 1440 P.
981 1379 1015 1440 R.
1039 1399 1078 1440 an

59 1469 290 1547 recuperaverit.
318 1468 536 1548 ¹Aristonicus,
563 1470 639 1546 regii
667 1470 820 1546 sanguinis
844 1469 928 1528 ferox
951 1471 1077 1550 iuvenis,

59 1556 143 1616 urbis
180 1555 302 1635 regibus
340 1575 446 1635 parere
480 1563 636 1617 consuetas
668 1559 778 1636 partim
810 1557 896 1617 facile
930 1557 1077 1637 sollicitat,

59 1663 169 1725 pancas
197 1646 380 1726 resistentis,
407 1645 536 1724 Myndon
564 1645 672 1707 Samon
701 1645 871 1725 Colophona
898 1649 927 1706 vi
954 1648 1077 1725 recepit,

18 1755 45 1797 rs
60 1733 161 1794 Crassi
185 1751 303 1813 quoque
326 1736 474 1812 praetoris
499 1733 606 1794 cecidit
630 1737 794 1794 exercitum
813 1737 970 1814 ipsumque
990 1737 1076 1813 cepit.

59 1822 113 1882 sed
140 1822 190 1882 ille
219 1839 335 1882 memor
363 1828 393 1881 et
415 1821 543 1882 familiae
567 1828 597 1881 et
618 1821 747 1883 Romani
769 1825 898 1882 nominis
923 1823 1077 1884 custodem
1097 1835 1113 1885 1

60 1913 108 1971 sui
140 1910 300 1971 barbarum
327 1908 441 1988 virgula
469 1916 607 1969 excaecat
634 1916 664 1969 et
691 1912 723 1969 in
752 1912 877 1970 exitium
905 1913 966 1991 sui,
999 1909 1076 1988 quod

58 1999 189 2081 volebat,
216 2002 257 2060 ita
284 2000 420 2059 concitat.
466 2015 535 2057 mox
558 2016 574 2057 a
596 1996 748 2077 Perperna
767 1998 896 2058 domitus
921 2005 951 2058 et
973 2005 1077 2077 captus
1096 2013 1112 2061 6

59 2096 91 2149 et
117 2107 172 2166 per
200 2088 381 2147 deditionem
409 2088 441 2146 in
469 2085 595 2146 vinculis
623 2085 750 2146 habitus.
796 2084 931 2164 Aquilius
955 2085 1112 2149 Asiatici?

19 2199 46 2240 ao
60 2177 133 2237 belli
161 2176 303 2255 reliquias
331 2176 460 2236 confecit
486 2177 588 2234 mixtis
612 2208 654 2216 —
677 2174 761 2234 nefas
786 2207 827 2215 —
851 2192 965 2235 veneno
989 2174 1077 2234 sonti-

134 2371 148 2418 1
172 2364 304 2419 Bncniu
327 2364 354 2417 L
383 2366 387 2432 (
416 2376 593 2417 asuamomn
616 2364 644 2416 Β
672 2365 682 2432 11
709 2367 725 2415 2
748 2361 801 2416 hoe
829 2378 926 2416 casum
948 2363 977 2416 Β
1002 2361 1006 2434 1
1031 2360 1075 2416 his

60 2436 163 2506 spania
181 2437 209 2489 B
222 2439 263 2505 114
280 2433 395 2489 relictas
415 2436 443 2489 Β
458 2436 463 2503 1
479 2432 665 2488 ereditatibus
684 2434 712 2487 Β
726 2434 765 2502 115
786 2432 908 2487 insemel
925 2434 953 2486 B
969 2432 974 2505 1
989 2449 1078 2503 regna

61 2511 138 2577 (post
157 2524 174 2560 s
191 2523 271 2561 eraso
288 2508 311 2576 11
326 2508 354 2560 Β
370 2509 374 2576 1
390 2504 544 2559 ueniebant
562 2506 709 2573 (posterior
722 2522 742 2557 n
761 2521 848 2574 supro
864 2510 980 2571 versem)
995 2505 1024 2558 Β
1037 2507 1077 2574 116

59 2577 137 2647 regis
161 2576 300 2631 seumenis
324 2577 380 2646 L(
406 2575 489 2631 sociis
513 2577 701 2645 (posteriorem
724 2592 737 2628 s
760 2578 896 2646 expressit
918 2594 952 2630 m.
972 2577 1000 2646 1)
1021 2576 1055 2630 N
1068 2575 1079 2648 11

61 2656 76 2704 7
96 2647 213 2717 reliquit
232 2649 255 2717 (t
272 2655 393 2704 correcto
409 2665 444 2703 eoi
461 2647 480 2700 d
499 2665 532 2702 m.
553 2649 581 2715 1)
599 2647 634 2701 N
650 2648 654 2716 1
677 2646 911 2701 bonorumeorum
929 2647 1077 2716 (lineolam,

59 2737 130 2791 quoe
148 2737 177 2772 m
194 2719 342 2790 sipmifieat,
356 2721 450 2789 priori
468 2735 487 2771 u
505 2719 636 2788 irreposmit
656 2735 690 2773 m.
709 2719 740 2788 2)
758 2717 792 2771 N
808 2720 818 2788 11
836 2723 852 2772 8
871 2717 901 2771 in
917 2750 948 2758 —
964 2717 1079 2772 fuerunt

60 2792 155 2845 alieree
165 2796 250 2859 petat
263 2790 434 2858 Perizonius,
448 2795 512 2859 post
526 2788 639 2843 fuorunt
652 2790 782 2843 loannem
794 2791 893 2845 metuit
907 2789 1077 2859 Virdtmpres

60 2869 91 2917 at
101 2867 179 2930 potet
193 2878 211 2914 a
226 2861 315 2916 Floro
325 2862 420 2930 prima
434 2862 587 2916 testamenti
599 2861 682 2915 cerba
694 2862 848 2927 memorari,
863 2860 898 2927 cf.
908 2859 1079 2925 Imselrriftem

60 2950 84 2988 e.
100 2932 255 3002 Perpamom
268 2949 309 2987 nr.
324 2937 382 2988 249
398 2933 403 2999 Ι
418 2948 448 2986 ro
471 2930 505 2984 “s
519 2932 547 2984 B
560 2929 635 3001 rogis
653 2930 676 2986 0
691 2933 701 3000 11
719 2929 897 3001 9prouincic
910 2930 939 2982 B
957 2931 966 2998 11
986 2934 1019 2982 10
1034 2929 1078 2982 est

61 3009 125 3058 arete
140 3001 257 3071 aequius
272 3003 391 3073 (11111011
406 3009 438 3056 11
473 3002 529 3056 'otu
544 3003 664 3073 (oirpmlo
677 3018 737 3070 sup.
748 3019 775 3071 u,
827 3020 846 3055 a
856 3000 1077 3071 memetipsam,

60 3076 150 3143 erosa)
164 3074 192 3127 Β
209 3074 212 3141 1
228 3073 258 3128 P.
272 3073 305 3128 R.
321 3091 372 3128 om.
387 3074 414 3126 L
426 3080 504 3141 reete,
518 3080 550 3128 ut
564 3074 672 3128 ridetur
685 3074 698 3142 11
711 3079 742 3126 13
757 3090 791 3126 ur
810 3071 836 3125 is
850 3071 871 3140 (i
885 3073 918 3124 ire
932 3086 947 3125 o
961 3072 1078 3125 mutarit

60 3163 95 3199 m.
106 3147 134 3214 11
143 3145 171 3198 Β
180 3144 263 3198 urbes
274 3144 298 3199 Ο
307 3145 309 3215 1
322 3143 459 3199 sollicitat
470 3146 619 3213 (posterior
627 3144 641 3197 t
649 3161 709 3214 sup.
719 3146 797 3213 cers.)
805 3145 833 3197 Β
846 3143 904 3266 1114
914 3139 1077 3194 resistentes

62 3215 96 3269 N
100 3215 142 3270 'L
158 3217 162 3285 1
177 3215 313 3284 myndam
326 3216 354 3269 Β
370 3217 374 3285 1
391 3214 521 3270 colofona
536 3215 627 3296 011111
642 3213 716 3268 cassi
730 3216 758 3268 B
774 3219 778 3281 1
795 3229 845 3269 cae
866 3229 895 3267 e:
910 3229 979 3267 corr.
990 3211 1078 3267 Reid.

63 3286 160 3341 caedit
172 3287 324 3342 Salmasius
337 3303 376 3341 ort
390 3287 475 3340 caede
489 3285 597 3340 delerit
610 3287 661 3354 (eei
676 3284 811 3354 excidit?
820 3285 855 3351 ef.
869 3282 1057 3349 Oros.V10,3
1073 3283 1076 3351 1

63 3358 217 3412 exereitum
235 3360 265 3426 (u
275 3364 340 3427 post
358 3375 378 3410 u
392 3360 480 3438 eraso)
494 3357 522 3410 Β
540 3359 550 3427 11
568 3362 602 3411 16
620 3355 670 3410 ille
685 3355 717 3425 (11
731 3374 766 3411 m.
780 3363 795 3410 1
810 3357 842 3409 ire
855 3355 922 3424 ras.)
936 3355 969 3408 N
979 3355 989 3424 11
1003 3358 1036 3407 11
1052 3354 1082 3407 ot

63 3428 94 3482 in
112 3446 161 3484 om.
180 3430 209 3483 N
226 3430 255 3482 et
272 3445 323 3484 om.
338 3428 385 3498 L(
401 3427 538 3482 insutum
551 3429 578 3481 L
594 3431 598 3493 1
614 3427 733 3481 exitium
752 3430 779 3495 (e
795 3443 882 3495 supra
895 3426 1014 3493 versum)
1027 3424 1062 3479 N
1071 3424 1080 3496 11

65 3505 98 3554 18
122 3515 190 3570 aper
211 3516 300 3569 perna
317 3500 346 3554 Β
369 3515 509 3569 cpeipena
531 3500 609 3569 (post
631 3516 646 3550 r
667 3500 842 3567 imterprmerit
862 3514 896 3551 m.
915 3498 946 3568 2)
965 3495 998 3552 N
1013 3511 1081 3567 spor

62 3587 152 3642 perna
170 3572 302 3641 (usupra
320 3572 435 3640 versum)
454 3570 481 3624 L
498 3572 508 3640 1
528 3575 559 3624 19
580 3568 748 3623 diditionem
766 3570 794 3623 B
