2334 3922
388 184 426 252 11,
447 190 488 240 aa.
509 191 542 239 19
562 187 679 256 (1313.
700 191 734 258 3).
1003 188 1067 252 163

55 354 182 433 perditis
208 354 287 412 anim
305 352 395 412 rebus
415 354 547 432 profugit
565 353 722 434 Asiamque
740 353 814 414 velis
832 356 908 433 petit
925 362 1068 415 venturus
1089 366 1106 415 8

55 443 98 502 ibi
131 445 163 502 in
194 460 299 501 manus
326 441 456 502 hostium
485 450 514 502 et
542 450 659 503 catenas
688 450 729 524 et,
762 443 840 521 quod
867 446 1070 504 miserrimum

56 539 104 592 est
132 529 258 591 lortibus
285 532 371 611 viris,
404 531 439 590 ad
468 531 598 591 hostium
626 531 781 592 arbitrium
810 531 864 591 sub
892 551 1069 611 percussore

55 623 228 681 moriturus
293 637 352 679 non
394 619 447 679 3113
489 628 557 699 post
592 620 711 680 Xerxen
752 620 949 681 miserabilior
991 621 1106 699 fugae

26 711 167 789 ⁵quippe
201 708 287 767 modo
316 715 515 769 trecentarum
544 712 756 788 quinquaginta
784 711 902 769 navium
930 710 1068 771 dominus

55 817 125 859 cum
154 817 205 858 sex
234 804 382 875 septemve
411 797 543 876 fugiebat
570 800 700 859 extincto
727 801 893 878 praetoriae
917 801 1000 858 navis
1023 798 1068 858 lu-

54 889 152 968 mine,
180 885 276 946 anulis
303 888 335 945 in
362 904 442 946 mare
472 886 608 968 abiectis,
638 906 748 966 pavens
776 894 863 966 atque
886 897 1068 968 respectam,

56 983 87 1037 et
111 984 210 1037 tamen
233 993 293 1034 non
316 977 424 1035 timens
448 977 507 1034 nisi
529 994 567 1035 ne
590 979 710 1055 periret.

146 1241 256 1303 XVIIII.
289 1240 437 1301 BELLVM
460 1241 675 1302 PARTHICVM
698 1242 765 1302 SVB
788 1242 973 1302 VENTIDIO.

10 1399 41 1438 10
125 1386 263 1456 Quamvis
282 1386 313 1443 in
332 1383 433 1444 Cassio
452 1391 482 1445 et
499 1383 591 1444 Bruto
610 1391 710 1463 partes
729 1384 907 1464 sustulisset,
930 1387 960 1444 in
980 1383 1064 1443 Pom·
1080 1398 1141 1466 1111,
1157 1390 1165 1419 ⁸

55 1478 125 1555 peio
148 1482 242 1535 totum
264 1475 394 1553 partium
416 1491 526 1533 nomen
549 1472 734 1554 abolevisset,
756 1474 888 1534 nondum
910 1480 1009 1533 tamen
1027 1473 1063 1532 ad

56 1567 140 1645 pacis
160 1562 350 1623 stabilitatem
365 1563 532 1640 profecerat
550 1561 667 1642 Caesar,
686 1581 754 1622 cum
773 1561 912 1640 scopulus
927 1570 956 1621 et
969 1561 1064 1622 nodus

58 1661 88 1714 et
111 1671 193 1712 mora
216 1650 350 1730 publicae
375 1653 543 1712 securitatis
563 1659 733 1730 superesset
751 1651 902 1711 Antonius.
940 1669 996 1710 nec
1014 1649 1064 1710 ille
1084 1664 1100 1711 2

59 1742 154 1802 defuit
179 1742 260 1800 vitiis
288 1743 360 1819 quin
386 1742 512 1820 periret,
542 1742 633 1799 immo
661 1743 759 1800 omnia
787 1746 926 1819 expertus
954 1739 1066 1799 ambitu

19 1839 45 1880 1⁵
59 1839 89 1891 et
120 1831 235 1891 luxuria
266 1832 397 1908 primum
423 1829 538 1908 hostes,
570 1829 676 1889 deinde
705 1832 797 1910 civeS,
829 1829 949 1889 tandem
976 1831 1066 1889 etiam

60 1919 211 1980 saeculum
232 1925 348 1978 terrore
371 1917 514 1977 liberavit.

125 2008 227 2068 Parthi
250 2006 331 2066 clade
351 2006 506 2067 Crassiana
529 2005 616 2067 altius
640 2009 753 2066 animos
776 2012 932 2067 erexerant
950 2005 1065 2066 3131133-
1084 2020 1101 2066 3

60 2116 117 2177 que
140 2096 242 2176 populi
265 2095 389 2155 Romani
412 2095 574 2155 discordias
597 2094 667 2154 laeti
690 2101 873 2173 acceperant.
910 2097 1009 2172 itaque
1032 2100 1066 2154 ut

58 2188 155 2266 prima
178 2184 298 2245 adfulsit
316 2186 440 2264 occasio,
459 2202 518 2243 non
537 2182 746 2244 dubitaverunt
765 2191 794 2243 et
812 2201 968 2262 erumpere
987 2182 1065 2242 ultro

25 2284 47 2322 2⁰
60 2275 181 2354 quidem
199 2273 340 2333 intitanta
354 2272 493 2352 Labieno,
514 2274 563 2350 qui
582 2274 692 2333 missus
711 2291 727 2332 a
742 2271 842 2332 Cassio
857 2271 1007 2350 Brutoque
1022 2305 1064 2313 —
1084 2285 1101 2333 4

60 2367 112 2443 qui
140 2364 222 2423 furor
250 2361 396 2422 scelerum
424 2395 465 2402 —-
495 2359 702 2421 sollicitaverat
728 2360 829 2420 hostes
856 2363 887 2419 in
915 2359 1065 2420 auxilium.

133 2575 147 2623 1
169 2567 339 2637 perdidisset
360 2570 392 2621 13
414 2566 531 2636 perditis
555 2569 584 2622 et
605 2566 785 2622 33313311Ν2
805 2570 809 2632 1
834 2566 928 2636 progit
950 2570 980 2636 (g
997 2567 1067 2621 ted

58 2643 227 2696 mutuatim.
249 2641 275 2709 1)
294 2641 324 2691 N
347 2639 352 2711 1
377 2637 521 2707 asiamque
544 2641 586 2708 (33
609 2641 642 2692 iu
663 2641 773 2707 rasura)
792 2638 820 2691 Β
844 2643 848 2705 1
873 2637 943 2690 33111
962 2640 1033 2707 (113
1053 2656 1066 2692 3

59 2714 178 2768 correxit
196 2729 229 2765 m.
246 2713 272 2780 1)
291 2713 318 2765 Β
335 2713 339 2778 1
354 2711 455 2764 333133
470 2712 497 2764 Β
511 2712 549 2779 112
569 2708 699 2763 manibus
712 2710 741 2763 Β
757 2716 760 2773 1
777 2709 910 2762 cathenae
925 2710 1003 2778 11113
1023 2712 1068 2763 331

59 2801 109 2839 om.
125 2784 152 2836 L
172 2785 177 2852 1
193 2788 256 2851 post
273 2780 342 2835 uiris
360 2783 441 2836 aerbo
459 2780 501 2834 ibi
519 2780 648 2835 inmenus
664 2779 831 2834 -fortibus
849 2779 918 2834 uiris
937 2782 1067 2849 (ernest)

58 2856 155 2924 repetit
169 2854 196 2906 L
211 2858 216 2923 1
232 2869 444 2922 suppereussore
458 2854 485 2906 Β
500 2852 551 2905 sub
565 2850 774 2922 percussoribus
789 2852 816 2904 L
828 2853 837 2920 11
852 2857 868 2904 4
883 2850 988 2905 Guaius
1003 2857 1068 2904 aute

58 2942 116 2979 non
138 2925 202 2980 add.
221 2924 248 2977 L
272 2927 276 2993 1
301 2940 399 2977 xersen
417 2924 445 2977 Β
467 2939 570 2977 xerxen
588 2927 611 2993 (s
630 2941 716 2993 supro
731 2925 904 2992 posteriorem
921 2925 949 2991 x)
967 2921 994 2973 L
1017 2923 1026 2990 11
1049 2925 1066 2972 6

57 2994 224 3079 portitoriae
243 2995 271 3049 Β
288 2994 429 3065 praetorio
450 2997 472 3048 G
490 2998 495 3063 1
515 2993 596 3047 33313
616 3012 665 3050 om.
685 2994 712 3047 L
729 2996 739 3064 11
758 3001 772 3047 7
791 2995 911 3059 13311333
931 2994 956 3044 Β
975 2997 983 3058 11
1002 2995 1019 3044 8
1038 2993 1068 3044 et

58 3085 118 3121 ram
140 3083 197 3120 non
213 3067 398 3121 Boebreacsiuc
422 3068 426 3136 1
451 3064 506 3118 3131
529 3082 579 3120 om.
601 3065 625 3121 0
643 3067 652 3135 11
675 3071 691 3118 9
709 3064 812 3120 XVIIII
831 3095 864 3103 -
883 3060 1017 3126 Quamuis
1035 3061 1067 3114 in

58 3156 108 3194 333
127 3140 159 3192 io
180 3155 282 3192 rosano
299 3138 340 3191 B¹
356 3137 361 3209 1
376 3151 554 3192 3333313311
564 3167 587 3205 ·,-
603 3138 637 3191 N
650 3150 806 3190 aaarrcxar
825 3135 852 3188 L
869 3135 878 3203 11
898 3139 930 3186 10
948 3133 1067 3202 impom-

57 3211 125 3281 3313
144 3210 172 3263 Β
194 3211 203 3278 11
227 3216 256 3262 11
282 3207 424 3278 paratium
443 3208 469 3261 L
489 3210 493 3276 1
515 3207 728 3277 313133331011
751 3213 783 3260 12
803 3203 931 3273 scopolus
950 3204 978 3257 Β
1000 3206 1010 3274 11
1033 3210 1067 3257 13

59 3278 224 3336 securitatis
242 3278 376 3350 (3133133
389 3297 495 3334 3333333
508 3298 542 3334 m.
558 3281 584 3348 1)
599 3280 633 3333 N
642 3281 651 3349 11
667 3283 699 3332 14
714 3275 836 3332 ambitus
851 3276 878 3329 Β
891 3277 901 3345 11
916 3281 949 3328 16
963 3276 1067 3329 terrore

59 3351 206 3406 saeculum
223 3352 252 3405 Β
273 3352 353 3404 terrae
377 3349 520 3403 saeculum
539 3349 571 3405 O:
595 3367 662 3406 corr.
683 3351 814 3404 Halmius
836 3350 940 3400 terram
960 3349 1069 3400 31333-

58 3423 157 3479 culum
183 3423 326 3491 Hauptc'uc
350 3424 354 3491 1
378 3420 483 3474 libauit
505 3423 530 3474 L
552 3423 562 3492 11
586 3426 618 3475 17
642 3419 783 3475 313331333
805 3418 834 3471 Β
855 3419 864 3487 11
889 3422 921 3470 18
947 3415 1067 3487 populus

58 3511 195 3549 romanus
214 3494 241 3547 B
265 3496 270 3562 1
294 3492 355 3563 regi
377 3499 440 3547 3313
458 3491 557 3562 itaque
575 3495 638 3548 odd.
657 3493 684 3545 Β
709 3493 714 3560 1
738 3491 873 3559 utsupra
891 3505 996 3544 versum
1013 3488 1042 3542 B
1059 3486 1072 3535 11

62 3574 96 3622 19
117 3564 263 3620 effulsitL
278 3567 282 3635 1
299 3565 327 3617 31
345 3565 450 3635 dalaq.
466 3566 475 3633 11
493 3562 671 3631 aobrutique
686 3563 714 3616 Β
731 3564 741 3631 11
759 3566 791 3614 21
811 3559 860 3630 qui
878 3559 951 3615 feros
971 3560 997 3614 Β

811 3649 864 3705 ii*
