2334 3922
110 185 152 249 74
471 189 582 240 FLORI
598 190 758 241 EPITOMA

73 356 217 433 equippe
245 354 364 414 tandem
393 352 535 432 Carthago
563 355 646 415 finita
674 362 727 415 est.
773 357 876 434 atquin
904 357 998 434 siquis
1026 356 1119 415 trium

109 451 276 522 temporum
312 449 460 502 momenta
497 443 678 524 consideret,
714 445 810 523 primo
848 445 1040 504 commissum
1073 451 1120 504 est

73 530 231 612 ahenum,
253 531 442 611 profligatum
465 531 609 613 secundo,
636 534 725 593 tertio
748 551 817 593 vero
842 534 1017 594 conlectum.
1065 533 1118 593 sed

107 620 196 681 huius
224 639 311 681 causa
338 619 422 700 belli,
455 620 533 699 quod
561 626 664 681 contra
691 621 821 682 foederis
850 621 946 700 legem
973 621 1117 682 adversus

72 720 89 768 4
108 708 249 770 Numidas
273 709 402 790 quidem,
426 709 477 769 sed
500 717 634 788 parasset
655 709 781 771 classem
800 718 829 771 et
848 713 1020 771 exercitum.
1059 711 1118 770 lre-
1146 723 1159 764 a

108 817 202 877 quens
229 805 329 859 antem
351 796 506 858 Masinissa
528 799 597 858 finis
620 798 786 880 territabat3
816 799 868 859 sed
891 800 960 860 huic
983 806 1017 860 ut
1039 799 1118 858 bono

108 890 247 966 socioque
275 889 339 965 regi
367 886 526 948 fatebatur.
573 906 641 948 cum
664 887 700 947 de
723 887 801 948 hello
826 887 955 969 sederet,
984 888 1020 948 dc
1048 887 1119 948 belli

107 977 166 1038 line
194 983 351 1036 tractatum
379 983 433 1037 est.
479 976 549 1037 Cato
577 975 750 1055 inexpiabili
778 976 845 1036 odio
872 977 1025 1037 delendam
1051 995 1118 1037 esse

108 1064 314 1143 Carthaginem
347 1073 376 1125 et
408 1084 476 1125 cum
507 1065 543 1125 de
576 1064 633 1125 alio
665 1065 871 1126 consuleretur
897 1066 1118 1147 pronuntiabat,

72 1165 88 1214 5
109 1154 207 1233 Scipio
231 1152 337 1214 Nasica
365 1153 552 1235 servandam,
578 1172 616 1215 ne
644 1160 726 1214 metu
754 1154 849 1215 ablato
876 1155 1008 1216 aemulae
1032 1155 1159 1215 urhis10

107 1241 251 1304 luxuriari
265 1241 391 1303 felicitas
410 1245 569 1324 inciperet,
588 1242 720 1302 medium
740 1251 859 1304 senatus
879 1243 976 1325 elegit,
995 1251 1030 1304 ut
1043 1244 1118 1304 urbs

72 1339 220 1392 etantum
247 1330 312 1392 loco
340 1339 517 1392 moveretur.
563 1331 637 1392 nihil
665 1334 744 1391 enim
773 1334 937 1412 speciosius
961 1331 1118 1393 videbatur

73 1434 195 1500 tquam
219 1439 285 1481 esse
307 1420 527 1500 Carthaginem,
551 1438 624 1499 quae
648 1438 709 1480 non
732 1423 896 1482 timeretur.
942 1424 1034 1500 igitur
1057 1422 1118 1482 Ma·

106 1509 178 1570 uilio
202 1509 424 1588 Censorinoque
454 1508 625 1570 consulibus
653 1509 780 1588 populus
804 1509 838 1570 R.
863 1510 1021 1588 adgressus
1046 1510 1117 1571 Car-

106 1599 256 1677 thaginem
284 1617 336 1678 spe
363 1600 445 1678 pacis
468 1600 576 1658 iniecta
600 1597 738 1658 traditam
760 1617 777 1659 a
800 1598 967 1660 volentibus
990 1599 1118 1660 classem
1132 1610 1156 1651 15

71 1700 87 1749 8
107 1686 161 1747 suh
185 1689 250 1766 ipso
276 1705 326 1747 ore
349 1686 433 1747 urhis
456 1687 596 1750 incendit.
633 1694 696 1747 tum
720 1690 848 1748 evocatis
871 1687 1066 1768 principibus,
1092 1691 1118 1747 si

107 1775 180 1836 salvi
207 1793 272 1836 esse
300 1775 422 1856 vellent,
448 1783 482 1836 ut
509 1778 672 1854 migrarent
694 1775 803 1836 linibus
827 1779 990 1856 imperavit
1038 1776 1117 1855 quod

106 1883 160 1944 pro
192 1867 237 1924 rei
269 1867 421 1925 atrocitate
454 1864 527 1926 adeo
559 1867 653 1925 movit
678 1866 739 1925 iras
766 1873 800 1925 ut
826 1873 958 1926 extrema
985 1865 1116 1926 mallent.

106 1952 320 2032 comploratum
347 1955 439 2032 igitur
459 1953 578 2033 publice
602 1955 702 2014 statim
725 1960 755 2014 et
776 1956 842 2033 pari
864 1972 935 2015 voce
959 1954 1117 2015 clamatum

71 2050 153 2105 sest
186 2038 238 2103 ‘ad
270 2038 367 2103 arma'
400 2043 535 2121 seditque
568 2045 715 2104 sententia
748 2060 867 2121 quoquo
898 2043 986 2103 modo
1018 2043 1116 2104 rebel·
1131 2056 1155 2095 ιο

105 2130 238 2213 landum,
271 2151 331 2192 non
363 2134 431 2211 quia
463 2134 522 2192 iam
555 2149 623 2211 spes
654 2130 712 2192 ulla
746 2138 929 2213 superesset,
963 2132 1014 2193 sed
1045 2135 1115 2211 quia

104 2223 229 2300 patriam
253 2240 336 2282 suam
359 2220 481 2281 mallent
503 2220 633 2281 hostium
657 2239 745 2300 quam
769 2223 832 2282 suis
854 2220 992 2281 manibus
1012 2223 1114 2282 everti.

53 2322 86 2371 10
106 2312 157 2388 qui
175 2309 381 2370 rebellantium
399 2311 490 2371 luerit
508 2309 592 2370 iuror
609 2308 656 2370 vel
674 2308 743 2369 hinc
762 2308 893 2388 intellegi
907 2316 1015 2390 potest,
1034 2309 1114 2390 quod

105 2400 136 2459 in
155 2418 243 2459 usum
261 2417 353 2460 novae
373 2399 476 2459 elassis
495 2404 574 2459 tecta
592 2398 733 2458 domuum
752 2398 951 2479 resciderunt3
971 2401 1003 2459 in
1016 2417 1114 2460 armo-

105 2505 171 2547 rum
196 2487 328 2547 ollic‘mas
354 2506 459 2549 aurum
481 2494 512 2547 ct
534 2493 689 2566 argentum
711 2505 765 2566 pro
789 2505 856 2548 aere
880 2487 1020 2567 lerroque
1043 2505 1114 2548 con·
1128 2499 1155 2539 2⁵

177 2644 191 2692 1
213 2639 319 2709 adquin
336 2640 364 2693 Β
389 2645 393 2706 Ι
418 2643 503 2709 etque
524 2640 548 2696 G
565 2642 575 2710 ΙΙ
597 2646 614 2694 2
636 2639 771 2710 punicum
789 2647 852 2711 post
870 2642 914 2695 est
931 2641 995 2695 odd.
1015 2640 1043 2695 Β
1066 2642 1076 2709 l
1100 2645 1115 2693 3

106 2712 149 2764 est
162 2717 226 2779 post
244 2710 402 2765 confectum
421 2713 484 2766 add.
503 2713 564 2766 BL
577 2714 617 2781 114
634 2711 783 2780 phoederis
802 2712 829 2764 Β
843 2714 882 2781 ild
902 2711 952 2767 sod
964 2713 1116 2780 parassent

105 2783 134 2851 (n
151 2798 238 2850 snpra
250 2784 364 2852 numm)
383 2783 411 2837 B
429 2785 589 2852 separasset
608 2782 632 2837 0
646 2783 805 2853 reparasset
822 2783 975 2838 Salmasius
989 2786 993 2852 1
1010 2781 1117 2835 clasem

104 2853 133 2908 B
151 2852 275 2906 clausem
293 2854 322 2922 (ιι
339 2855 372 2907 in
390 2871 403 2907 s
421 2856 538 2909 mutauit
555 2872 589 2909 m.
605 2856 631 2923 1)
651 2855 679 2908 Ν
703 2855 712 2923 ΙΙ
735 2861 751 2908 6
770 2852 937 2908 masinissae
955 2853 1024 2908 BG:
1043 2870 1115 2908 corr.

104 2925 223 2979 Inimica
238 2926 243 2991 l
258 2923 327 2978 fines
342 2924 368 2976 L
383 2927 388 2994 Ι
404 2925 535 2978 tentabat
552 2925 683 2991 Dokonos
698 2924 702 2997 l
718 2927 750 2978 ut
763 2942 814 2980 om.
832 2924 855 2979 C
864 2926 874 2994 ΙΙ
889 2928 904 2979 7
920 2925 954 2977 de
969 2930 1033 2993 post
1051 2940 1117 2978 cum

104 3012 154 3051 om.
167 2996 191 3051 0
203 2999 209 3078 l
223 2993 330 3049 bellum
343 2998 403 3065 (om.
414 2995 459 3065 de)
472 2995 542 3050 Voss.
558 2997 567 3065 ll
581 3000 597 3048 8
611 2997 734 3050 tractum
748 2996 781 3049 N
793 2997 797 3066 Ι
813 2995 937 3050 hodioB
950 2997 959 3064 ΙΙ
974 3001 1008 3049 10
1021 3011 1060 3048 na
1076 2994 1117 3048 sio

103 3069 136 3121 iu
148 3083 246 3121 naama
260 3069 378 3122 corrasit
392 3067 425 3120 N
429 3067 439 3097 ¹
452 3069 462 3136 ll
477 3072 508 3119 11
525 3066 602 3121 urbis
612 3073 676 3135 poet
688 3065 812 3121 felicitas
827 3068 890 3122 add.
902 3066 970 3121 130.-
988 3083 1058 3121 σοιν.
1073 3084 1115 3136 op.

104 3155 143 3192 an
163 3137 302 3193 felicitate
324 3137 499 3207 inciperent?
523 3139 528 3198 1
552 3139 585 3191 ut
602 3137 647 3191 bis
664 3139 696 3192 in
714 3140 747 3191 nt
764 3137 831 3191 urbs
848 3140 966 3192 mutavit
984 3138 1025 3191 Β1
1048 3138 1059 3207 ΙΙ
1082 3142 1117 3190 14

105 3225 254 3281 aggressus
273 3209 300 3262 L
313 3211 323 3279 ll
337 3214 370 3263 16
388 3209 493 3263 iniecta
507 3209 588 3262 BN¹
604 3208 712 3263 intecta
729 3208 771 3278 011
786 3207 926 3263 ltuellent
944 3208 977 3279 (ll
994 3215 1117 3264 emeda

104 3298 138 3335 ex
155 3284 184 3351 u)
203 3281 237 3335 N
257 3282 262 3350 l
287 3280 456 3350 imperatum
475 3280 498 3335 0
519 3282 528 3349 ll
552 3284 585 3333 18
606 3296 657 3349 pro
675 3296 706 3334 re
727 3280 814 3350 Opro
833 3279 875 3353 τρὶ
893 3281 926 3334 N
931 3284 940 3311 ²
960 3287 965 3346 t
984 3277 1076 3334 mouit
1094 3281 1118 3347 (t

104 3359 222 3407 correcta
240 3368 274 3405 ex
291 3355 315 3421 s)
334 3352 361 3405 L
374 3354 383 3421 ΙΙ
398 3356 430 3406 19
450 3352 563 3406 statum.
583 3352 610 3405 L
623 3353 632 3420 ΙΙ
646 3355 680 3404 20
700 3367 793 3405 armas
811 3354 834 3421 (s
853 3353 989 3421 expunxit
1006 3369 1040 3405 m.
1061 3353 1088 3418 1)
1108 3351 1118 3422 ll

104 3427 138 3474 23
163 3421 257 3475 intelli
280 3423 306 3476 L
331 3424 335 3490 Ι
359 3429 423 3478 onte
445 3424 556 3492 poteest
578 3424 638 3492 (eie)
660 3424 755 3491 potest
776 3425 808 3477 in
824 3423 879 3490 riae
897 3438 989 3478 cereus
1007 3438 1118 3477 mosum

104 3492 132 3545 B
154 3492 163 3561 ll
186 3498 220 3546 24
242 3492 344 3547 nouale
368 3495 395 3548 L
418 3499 424 3562 1
449 3495 602 3562 domusque
628 3493 651 3548 C
673 3496 676 3562 Ι
701 3493 861 3548 reciderunt
878 3494 906 3547 Β
928 3496 938 3564 ll
961 3497 995 3546 26
1015 3509 1118 3547 eurum

102 3564 223 3631 argento
242 3565 302 3632 (om.
323 3567 362 3634 et)
381 3567 410 3619 Β
