2334 3922
106 187 169 252 132
466 188 577 240 rnonr
594 190 754 241 armona

104 353 244 415 kalendas
263 362 294 415 et
311 354 378 414 idus
396 354 526 414 Ianuarii
544 356 656 415 mensis
675 357 800 433 septima
819 354 869 415 illa
885 354 970 415 Marii
984 375 1120 435 purpura

105 443 195 504 dedit.
232 443 303 522 quid
327 445 459 505 futurum
481 443 546 524 fuit,
570 445 596 503 si
618 460 729 504 annum
752 444 923 504 consulatus
942 442 1119 523 implesset?

53 544 86 593 18
172 533 310 611 Scipione
324 531 522 611 Norbanoque
541 531 712 612 considibus
729 535 836 594 tertius
850 532 899 593 ille
919 533 1007 594 turbo
1022 534 1119 594 civilis
1149 531 1153 540 '

105 624 237 682 insaniae
260 628 322 682 toto
345 622 445 682 furore
469 621 616 702 detonuit3
641 624 749 701 quippe
774 621 935 683 cumhinc
959 629 1026 683 octo
1046 622 1120 702 legi-

106 729 178 771 ones
206 713 384 790 quingentae
412 709 550 770 cohortes
573 717 686 771 starent
708 713 740 771 in
763 713 869 791 armis,
895 711 965 771 inde
990 710 1026 772 ab
1051 713 1121 772 Asia
1146 726 1157 765 ⁵

53 812 85 860 19
105 818 173 860 cum
195 802 307 860 victore
334 801 466 860 exercitu
489 798 566 879 Sylla
589 806 770 879 properaret.
816 807 847 860 et
870 818 940 860 sane
964 819 1035 860 cum
1058 808 1120 861 tam

104 889 188 950 ferox
211 891 243 949 in
262 887 395 967 Syllanos
413 888 524 948 Marius
547 889 660 969 fuisset,
684 896 792 968 quanta
816 891 937 949 saevitia
958 907 1037 968 opus
1056 898 1121 951 erat

104 985 139 1038 ut
161 977 238 1058 Sylla
263 978 299 1037 de
323 977 414 1036 Mario
437 975 659 1038 vindicaretur?
691 980 787 1059 primo
811 984 883 1056 aput
905 977 1038 1056 Capuam
1062 979 1118 1040 sub

105 1085 190 1128 amne
213 1066 355 1127 Vulturno
380 1068 463 1144 signa
486 1073 676 1148 concurrunt,
699 1074 729 1126 et
752 1069 853 1128 statim
875 1066 1008 1127 Norbani
1032 1068 1118 1129 fusus

105 1159 270 1236 exercitus,
302 1156 401 1215 statim
433 1173 536 1215 omnes
568 1155 715 1234 Scipionis
748 1158 850 1235 copiae
884 1163 1032 1217 ostentata
1067 1176 1118 1237 spe
1134 1172 1156 1212 ro

52 1257 87 1306 20
106 1247 187 1324 pacis
215 1245 383 1323 obpressae.
428 1251 492 1304 tum
517 1244 627 1304 Marius
655 1247 770 1305 iuvenis
799 1252 829 1306 et
857 1244 951 1306 Carbo
978 1246 1120 1307 consules

107 1337 192 1413 quasi
214 1334 368 1413 desperata
391 1335 514 1393 victoria
537 1351 575 1393 ne
598 1332 685 1394 inulti
708 1337 855 1414 perirent,
881 1336 912 1394 in
936 1337 1121 1396 anticessum

106 1425 248 1502 sanguine
282 1429 402 1487 senatus
431 1422 488 1482 sibi
515 1421 721 1502 parentabant‚
754 1422 935 1502 obsessaque
963 1426 1047 1484 curia
1077 1427 1120 1485 sic

105 1512 142 1572 de
184 1519 288 1573 senatu
325 1514 409 1590 quasi
446 1511 482 1571 de
520 1529 639 1571 carcere
677 1514 728 1590 qui
765 1511 971 1590 iugularentur
1007 1512 1119 1574 educti.

51 1612 84 1659 21
107 1608 249 1678 quantum
277 1601 415 1660 funerum
442 1601 474 1658 in
502 1601 579 1681 foro,
606 1601 638 1660 in
661 1602 754 1681 circo,
787 1603 819 1661 in
841 1603 952 1679 penitis
976 1600 1121 1682 templis?
1135 1617 1158 1658 u

106 1707 173 1748 nam
210 1689 324 1749 Mucius
362 1687 499 1748 Scaevola
535 1689 668 1767 pontifex
699 1689 824 1750 Vestalis
862 1689 1016 1770 amplexus
1054 1710 1121 1752 aras

51 1790 87 1838 22
106 1785 220 1838 tantum
257 1796 316 1837 non
353 1777 458 1837 eodem
495 1780 562 1855 igne
600 1777 750 1858 sepelitur.
813 1777 993 1859 Lamponius
1031 1788 1121 1860 atque

106 1866 274 1946 Telesinus,
298 1866 462 1926 Samnitum
486 1866 590 1947 duces,
613 1869 742 1927 atrocius
765 1867 878 1946 Pyrrho
902 1875 932 1928 et
955 1867 1121 1930 Hannibale

106 1955 295 2035 Campaniam
313 1954 521 2034 Etruriamque
545 1955 724 2034 populantur
745 1964 775 2016 et
795 1956 849 2017 sub
869 1959 969 2036 specie
989 1961 1121 2036 partium

178 2151 192 2199 1
213 2145 344 2200 calendas
364 2145 394 2214 (k
411 2162 471 2214 sup.
489 2162 504 2198 e
522 2163 555 2200 m.
572 2149 601 2215 1)
613 2146 648 2200 N
662 2145 796 2201 calendas
810 2146 837 2199 L
852 2149 857 2212 1
874 2145 1026 2216 septimam
1039 2148 1067 2201 L
1081 2151 1120 2217 12

105 2216 262 2271 consularis
283 2218 307 2272 0
325 2220 334 2287 11
358 2221 374 2270 3
392 2218 536 2271 norbassno
555 2218 644 2285 (crosa
662 2217 712 2288 b?)
732 2216 831 2286 quinto
851 2233 924 2271 cons.
944 2218 978 2270 N
992 2218 1121 2273 norbano

106 2289 204 2357 quinto
220 2289 393 2342 consulerL
406 2290 416 2358 11
429 2293 447 2341 4
460 2287 526 2340 hine
540 2289 569 2357 (n
583 2305 642 2358 sup.
656 2290 735 2358 uera.)
746 2290 773 2343 L
786 2290 796 2358 11
810 2293 825 2341 5
839 2286 906 2342 inde
916 2295 980 2357 post
994 2288 1121 2359 legiones

106 2362 170 2415 add.
180 2361 208 2414 Β
215 2360 244 2429 C,
259 2362 309 2415 dei.
320 2362 449 2427 Iubmus,
463 2361 494 2413 iu
505 2360 589 2427 atque
599 2361 715 2416 mutauit
727 2359 940 2427 Freinshemius,
952 2362 984 2413 iu
994 2363 1023 2414 et
1034 2360 1122 2416 Grae·

106 2433 167 2486 utus
192 2435 196 2498 1
221 2430 503 2500 undequinquaginta
521 2429 654 2484 Halmius
676 2429 852 2498 πεντήκοντα
873 2431 922 2484 καὶ
939 2429 1122 2500 τετρακοσίας

107 2498 222 2569 σπείρας
236 2504 331 2556 omisso
351 2504 487 2572 leqicuum
499 2518 612 2555 uumcro
626 2502 794 2557 Plutarchus
809 2502 887 2557 Sulla
900 2506 937 2557 27
953 2501 958 2575 Ι
974 2504 1122 2558 *astarent

106 2573 141 2625 N
150 2575 159 2641 11
174 2580 188 2625 6
205 2571 270 2625 silla
280 2572 307 2624 L
320 2575 329 2641 11
345 2580 358 2624 1
373 2573 448 2625 ferus
461 2573 501 2641 01
516 2571 662 2625 insillanoa
672 2574 732 2627 BL
747 2572 903 2626 instillanos
913 2574 1121 2644 (priorlsupra

106 2659 212 2698 uersum
230 2661 264 2697 m.
279 2645 306 2712 1)
325 2644 359 2696 N
375 2645 379 2711 1
399 2643 503 2697 marios
522 2644 548 2712 (0
566 2645 598 2696 iu
615 2657 637 2696 v
654 2646 771 2699 mutauit
788 2661 823 2698 m.
838 2645 866 2714 1)
884 2644 918 2698 Ν
932 2646 941 2713 11
960 2649 975 2696 8
996 2643 1072 2698 sulla
1091 2646 1126 2700 N

107 2712 173 2767 silla
187 2714 213 2766 L
229 2718 232 2780 1
250 2712 370 2781 primum
386 2713 426 2784 01
442 2716 512 2784 aput
530 2716 553 2784 (t
570 2716 602 2767 iu
620 2713 638 2766 d
656 2717 774 2786 mutata)
789 2716 817 2768 B
837 2715 913 2783 apud
928 2716 955 2768 L
972 2717 982 2784 11
1001 2722 1016 2770 9
1037 2732 1121 2771 amna

106 2787 136 2855 (a
153 2802 187 2839 m.
204 2790 219 2838 1
238 2787 270 2838 iu
287 2788 400 2854 rasura)
419 2786 453 2839 N
471 2791 480 2856 11
503 2790 536 2838 10
556 2784 645 2839 omnis
664 2787 691 2839 Β
709 2787 759 2841 del.
776 2787 908 2840 Halmius
929 2789 933 2854 1
953 2786 1121 2842 hostentata

106 2857 134 2910 Β
148 2860 158 2925 11
172 2861 204 2909 11
225 2871 392 2924 oppraessae
406 2857 435 2909 B
453 2872 584 2930 oppresse
598 2857 625 2910 L
642 2858 651 2925 l
671 2862 703 2910 12
722 2856 841 2911 nemulti
855 2857 881 2910 L
897 2856 901 2929 1
914 2864 978 2926 post
995 2858 1121 2928 perirent

105 2929 188 2984 uerba
198 2945 227 2996 p.
239 2933 285 2994 69,
293 2932 394 2993 1-81,
403 2931 437 2980 13
451 2930 550 2982 muissa
560 2931 642 2998 pouit
658 2928 681 2983 C
693 2932 696 2995 1
714 2928 885 2982 anticessum
898 2929 932 2982 N
943 2929 1121 2984 anticansum

107 3000 134 3053 L
149 3003 154 3069 1
172 3005 204 3052 13
224 2997 388 3069 sanguinem
409 2997 455 3065 011
477 3002 509 3050 16
528 3001 665 3066 quantum
682 2998 713 3053 id
731 3001 759 3054 Β
773 2999 843 3068 quid
864 2999 896 3054 0:
916 3016 983 3055 corr.
1000 3003 1121 3057 Iahuius

106 3073 244 3138 quantum
257 3069 314 3122 fnit
327 3068 460 3123 Halmius
473 3071 610 3136 quantum
622 3069 688 3123 inde
701 3070 826 3138 Opitrius
841 3069 846 3142 1
862 3069 966 3125 idcirco
976 3073 1005 3125 Β
1021 3074 1025 3141 1
1041 3073 1121 3142 peni·

106 3141 232 3196 tentibus
246 3143 273 3195 Β
290 3138 455 3209 patentibus
472 3139 503 3193 0:
522 3143 629 3195 correxi
646 3140 837 3210 penetralibus
851 3142 993 3211 [obuiusi
1008 3148 1041 3196 16
1057 3161 1122 3198 cum

103 3221 166 3282 post
180 3230 246 3266 nam
260 3213 324 3267 add.
338 3212 378 3282 01
394 3210 517 3265 uestales
534 3211 575 3280 011
590 3217 622 3266 17
638 3211 783 3281 sepellitnr
796 3215 928 3282 (priorem
942 3213 953 3266 l
966 3231 1026 3283 exp.
1042 3233 1077 3270 m.
1093 3219 1120 3285 1)

108 3285 135 3337 Β
154 3283 289 3353 sepelitur
306 3285 315 3353 (
318 3284 453 3352 posterior
471 3297 486 3335 e
504 3299 572 3337 corr.
591 3300 625 3336 ea
642 3282 663 3351 11
682 3283 708 3336 L
724 3288 729 3354 1
744 3283 834 3338 lucius
854 3283 1002 3353 amponius
1016 3286 1044 3339 Β
1059 3286 1121 3341 Iam

106 3355 208 3424 ponius
226 3355 266 3423 L,
289 3357 323 3421 cf.
338 3356 487 3424 Appiauus
505 3354 563 3407 boll.
578 3355 724 3423 cio.140‚·
742 3360 793 3424 41;
810 3362 847 3410 90
852 3378 862 3424 ;
876 3360 911 3410 93
917 3378 928 3424 ;
950 3357 1120 3414 Plutarchus

108 3426 187 3480 Sulla
201 3433 248 3493 29,
267 3428 336 3481 alios
358 3431 367 3495 11
391 3431 423 3480 18
437 3424 539 3493 pyrrho
559 3424 587 3492 (h
605 3442 690 3494 supra
708 3444 800 3481 oerum
818 3444 853 3482 m.
868 3428 895 3494 1)
914 3427 948 3481 N
961 3445 1047 3496 pyrro
1066 3430 1093 3483 L
1113 3432 1116 3500 1

108 3496 251 3549 anniballe
270 3499 416 3566 (posterior
433 3496 444 3549 l
461 3499 550 3565 uasa)
569 3497 596 3549 Β
610 3503 619 3563 11
636 3502 666 3550 19
686 3496 859 3566 eturiamque
872 3499 901 3551 Β
917 3500 921 3567 1
937 3498 1031 3568 specie
1053 3503 1119 3569 (oir-

97 3569 172 3636 yula
188 3570 279 3638 erasa)
295 3567 408 3638 parium
425 3567 536 3638 parium
554 3583 584 3621 se
602 3566 772 3623 uindicando
790 3569 818 3623 B
