2334 3922
534 184 650 233 INDEX

97 344 128 395 et
142 341 221 394 Rhea
237 339 325 395 Silvia
340 346 418 407 6,16.
437 339 561 394 iactatus

96 412 129 464 in
163 411 347 480 profluentem
379 428 442 464 cum
473 411 561 465 Remo

97 483 186 536 fratre
203 499 261 536 non
279 481 374 550 potuit
392 481 519 552 extingui
536 488 561 551 6,

100 559 142 608 18.
179 555 304 622 repertos
323 553 475 607 Faustulus
494 553 561 607 edu-

97 624 175 678 cavit
195 632 219 693 7,
234 630 258 679 3.
291 627 423 693 patruum
442 625 478 678 ab
498 640 561 678 arce

97 696 244 763 deturbat,
264 712 349 748 avum
366 695 478 764 reponit
497 701 521 764 7,
537 702 560 749 8.

98 766 210 820 moenia
228 783 320 820 novae
338 767 415 820 urbis
430 766 561 837 agitabat

100 842 181 906 7,10.
218 837 380 891 Palatinum
399 839 519 907 occupat
536 842 560 905 7,

99 915 142 963 12.
165 908 256 963 victor
271 909 388 978 augurio
403 909 561 962 9111911191-

99 979 172 1033 citat
191 985 272 1049 7,14.
310 981 425 1048 Remus,
445 978 562 1034 dubium

98 1068 137 1104 an
156 1050 216 1104 eius
235 1051 326 1118 iussu,
350 1051 457 1104 occisus
478 1055 560 1119 7,17.

98 1121 257 1190 proximum
271 1121 335 1175 urbi
349 1122 442 1175 locum
452 1120 563 1190 asylum

97 1192 170 1246 facit
190 1199 213 1261 7,
229 1198 270 1248 21.
307 1192 442 1262 populum
460 1194 562 1246 Roma-

98 1281 168 1316 num
186 1263 246 1344 ipse
265 1263 333 1316 fecit
351 1280 399 1317 rex
414 1269 439 1333 8,
449 1269 474 1318 4.
500 1280 562 1332 spo-

98 1333 140 1388 lia
159 1351 252 1403 opima
271 1335 306 1387 de
325 1351 389 1404 rege
409 1334 562 1389 Caeninen-

98 1405 174 1459 sium
183 1405 563 1475 reportavit8,10.inpugna

100 1479 199 1530 contra
227 1476 346 1531 Sabinos
369 1478 464 1532 Iovem
492 1480 562 1545 orat,

99 1547 214 1601 foedam
224 1565 336 1601 suorum
345 1549 443 1618 fugam
451 1548 564 1603 sisteret

101 1623 184 1687 8,17.
221 1620 332 1686 parab
352 1637 384 1674 eo
403 1620 564 1674 saetacum

99 1689 185 1743 Tatio
200 1694 277 1757 8,19.
311 1692 417 1744 statum
435 1691 476 1745 rei
492 1691 563 1761 pub-

99 1760 173 1814 licae
192 1760 305 1815 ordinat
324 1767 348 1830 9,
363 1768 387 1816 3.
424 1765 494 1832 aput
512 1762 563 1817 Ca-

99 1847 170 1901 prae
200 1831 335 1901 paludem
367 1849 382 1886 e
412 1836 563 1902 conspectu

101 1902 217 1957 ablatus
233 1908 256 1973 9,
267 1907 292 1958 8.
321 1903 492 1974 discerptum
511 1903 562 1957 ali-

98 1973 152 2042 qui
183 1990 200 2027 a
231 1977 330 2029 senatu
357 1978 461 2044 putant
487 1981 517 2043 9,
537 1980 561 2028 9.

99 2045 190 2099 Iulius
204 2045 338 2100 Proculus
352 2046 444 2100 visum
459 2063 476 2100 a
491 2062 520 2099 se
529 2047 562 2100 R.

99 2116 263 2171 adfirmavit
288 2117 449 2187 augustiore
473 2117 564 2171 forma

98 2204 188 2257 quam
205 2187 305 2242 fuisset
324 2195 406 2258 9,10.
439 2188 565 2243 succedit

99 2260 134 2314 R.
163 2259 256 2313 Numa
286 2259 441 2330 Pompilius
472 2266 563 2326 9,16.

99 2329 172 2399 quid
179 2331 211 2387 R.
221 2331 383 2386 ardentius?
392 2339 433 2400 14,
440 2339 481 2387 21.
490 2332 564 2385 Mar·

100 2400 191 2456 cellus
214 2402 300 2456 tertia
319 2406 385 2472 post
402 2405 435 2459 R.
455 2407 566 2472 patrem

100 2472 228 2528 Feretrio
238 2474 298 2528 Iovi
313 2474 406 2544 opima
419 2473 566 2544 suspendit

102 2549 205 2613 50,14.
243 2544 382 2613 Viriatus,
407 2545 431 2599 si
451 2545 565 2600 fortuna

101 2615 243 2685 cessisset,
257 2615 413 2685 Hispaniae
427 2616 459 2671 R.
470 2621 565 2684 80,10.

100 2689 258 2740 tractatum
287 2686 318 2740 in
345 2690 445 2740 senatu
473 2705 510 2741 an
532 2688 565 2741 R.

68 2785 75 2795 ’
101 2761 253 2812 vocaretur
270 2758 414 2827 Augustus
435 2765 537 2827 182,11

68 2845 185 2883 rosae
216 2845 266 2899 per
297 2829 419 2882 hiemem
446 2830 483 2883 ab
509 2830 566 2882 An-

101 2900 200 2954 tiocho
219 2899 349 2954 conlatae
369 2907 411 2969 66,
427 2906 443 2952 3

82 2974 222 3042 (rostra)
236 2970 364 3025 Maenius
384 2971 414 3023 in
433 2974 567 3042 suggestu

102 3041 160 3096 fori
187 3046 271 3112 capta
294 3041 454 3097 Antiatium
478 3042 568 3095 classe

68 3131 72 3136 ·
102 3113 213 3168 suffixit
238 3119 285 3182 20,
301 3121 326 3170 3.
364 3117 434 3183 aput
461 3112 567 3167 insulas

102 3185 230 3256 Aegatas
254 3185 284 3239 in
306 3184 357 3238 hos
380 3184 427 3238 vel
450 3184 480 3237 in
503 3184 567 3238 illos

102 3256 179 3309 ictus
193 3256 311 3310 mobilia
324 3274 345 3308 r.
355 3257 484 3309 Romana
493 3261 567 3324 48,5.

103 3327 278 3381 Venetorum
292 3344 377 3381 naves
393 3327 491 3382 statim
499 3344 568 3380 nau-

104 3398 213 3468 fragae,
228 3416 292 3452 cum
305 3417 326 3453 r.
343 3398 496 3452 sensissent
509 3402 568 3466 106,

106 3474 150 3522 93.
171 3468 206 3522 iis
221 3469 248 3523 C.
264 3468 413 3524 Octavium
428 3469 468 3524 Ti.
485 3469 569 3523 Grac-

107 3539 178 3594 chus
211 3539 315 3595 iniecta
347 3558 433 3594 manu
461 3539 570 3609 depulit

1028 180 1094 245 253

634 345 750 408 118,12.
787 339 888 394 Octavi
906 341 1028 394 consulis
1049 358 1095 394 ca-

632 414 685 480 put
702 428 752 480 pro
770 429 792 464 r.
810 412 959 480 exponitur
973 429 990 465 a
1004 412 1095 466 Mario

634 487 751 551 131,16.
789 481 903 537 Caesari
925 482 1024 538 oblata
1044 501 1095 554 pro

633 570 655 607 r.
674 553 754 622 regni
772 553 896 623 insignia
916 560 975 623 154,
991 565 1016 611 6.
1053 573 1096 610 19-

634 624 723 678 91911111
737 623 877 679 Ciceronis
894 630 980 695 caput
993 626 1024 680 in
1037 626 1096 680 illis

634 695 691 748 suis
706 713 727 749 r.
742 695 860 750 videbat
873 697 973 750 civitas
984 701 1044 765 158,
1055 704 1096 753 10.

633 765 731 821 rostris
753 766 880 821 Caesaris
903 769 1097 822 1919911119-

633 838 733 891 nianas
753 838 926 915 dissipavere
946 844 1006 907 107,
1022 845 1055 892 19

588 920 789 972 'rostratae
818 935 867 972 sex
889 918 1049 972 Antiatium
1079 935 1097 971 a

633 989 745 1043 Maenio
765 992 865 1059 captae
884 994 958 1056 20‚5

616 1060 807 1115 1191111991.
827 1060 971 1115 Cornelius

617 1140 717 1194 ruina
735 1139 841 1196 bellum
855 1140 1039 1194 Tarentinum
1054 1142 1097 1194 to·

634 1214 695 1265 tam
712 1210 826 1265 Italiam
850 1214 878 1265 et
895 1211 1033 1280 Pyrrhum
1055 1211 1098 1265 in-

634 1281 725 1336 volvit
744 1288 842 1350 31,17.
871 1281 1098 1355 Gallograeciam

636 1352 744 1422 Syriaci
764 1353 873 1407 1191111.
894 1354 1036 1409 convolvit
1055 1359 1098 1423 68,

637 1429 678 1479 13.
701 1423 775 1478 91199
790 1424 920 1492 aliaeque
934 1428 1033 1495 gentes
1049 1425 1098 1494 Sy-

635 1495 706 1549 riaci
723 1495 793 1550 belli
812 1499 943 1550 secuntur
960 1515 982 1551 r.
1003 1502 1097 1565 69,16.

636 1566 741 1621 Cimbri
768 1566 798 1619 in
820 1567 935 1621 Italiam
963 1568 1052 1623 veluti
1077 1586 1099 1624 r.

637 1637 841 1692 descenderant
860 1644 959 1706 91,17.
988 1639 1099 1693 Mithri-

637 1710 718 1763 dates
742 1712 835 1763 totum
854 1726 945 1778 paene
964 1711 1100 1764 orientem

637 1798 671 1835 ac
685 1781 905 1851 septentrionem
915 1799 937 1836 r.
949 1780 1100 1836 9119111191-

637 1852 679 1906 vit
694 1858 736 1922 98,
747 1858 789 1906 20.
819 1852 942 1907 Catilina
962 1870 992 1907 se
1006 1853 1099 1908 incen-

636 1923 715 1976 dium
743 1941 824 1977 suum
850 1923 1050 1978 restincturum
1077 1942 1099 1979 r.

636 1994 799 2048 minabatur
819 1999 928 2062 137,19

618 2065 648 2118 P.
663 2065 777 2118 Rutili
790 2064 876 2134 Lupi
893 2069 959 2134 (cos.
974 2067 1018 2134 90)
1038 2080 1099 2119 cae-

637 2152 684 2189 sae
698 2136 774 2190 bello
789 2136 888 2189 sociali
902 2135 1000 2206 copiae
1016 2141 1100 2205 1213

617 2217 648 2271 P.
683 2216 795 2270 Rutili
826 2216 907 2269 Rufi
943 2218 1008 2284 (cos.
1038 2220 1100 2286 105)

638 2287 819 2341 damnatione
835 2290 949 2341 senatus
962 2304 1043 2342 omne
1053 2287 1100 2341 de-

638 2377 686 2413 cus
701 2357 858 2413 maiestatis
874 2358 1100 2428 amiserat121,9

622 2535 855 2604 Sabaeorum,
865 2535 958 2605 gentis
967 2536 1099 2605 Arabiae,

640 2606 732 2677 spolia
750 2609 829 2661 mota
846 2606 938 2660 ventis
955 2608 1101 2662 111911919-

639 2678 792 2732 vomebant
815 2677 845 2732 in
867 2696 964 2749 pugna
983 2679 1101 2734 Actiaca

639 2754 732 2819 rear

622 2827 778 2896 Sabinis,
802 2829 904 2883 Italiae
925 2829 1015 2901 genti,
1039 2846 1101 2898 pro-

640 2901 718 2954 ditae
737 2903 836 2970 portae
849 2917 899 2970 per
913 2901 1062 2969 Tarpeiam
1077 2905 1102 2968 8,

641 2978 682 3026 12.
716 2989 819 3026 novam
842 2972 871 3024 in
894 2971 991 3024 urbem
1015 2970 1102 3024 demi-

640 3046 758 3112 grarunt
773 3049 833 3109 9,1.
858 3040 974 3096 Curibus
990 3042 1102 3096 Sabinis

640 3113 759 3168 Romani
769 3113 891 3166 Numam
904 3112 1066 3182 petiverunt
1078 3120 1102 3182 9,

642 3191 682 3239 16.
711 3201 805 3238 eorum
820 3200 888 3253 gens
903 3201 920 3237 a
935 3184 1016 3238 Curio
1030 3184 1101 3238 Den-

640 3259 701 3309 tato
726 3255 844 3308 subacta
867 3261 970 3323 27,15.
1009 3272 1104 3308 eorum

641 3343 739 3397 greges
758 3329 824 3379 ante
839 3325 987 3379 victoriam
1001 3327 1104 3380 Taren-

641 3398 731 3451 tinam
758 3397 789 3449 in
816 3397 965 3467 triumphis
994 3403 1041 3466 36,
1062 3404 1103 3451 13.

642 3469 669 3523 S.
694 3468 749 3521 sibi
772 3468 886 3522 miscuit
908 3468 1028 3538 populus
1050 3469 1104 3522 Ro-

642 3556 741 3593 manus
763 3545 822 3610 122,
839 3546 880 3594 14.
909 3540 1030 3609 primum
1049 3557 1104 3594 ser-
