2334 3922
376 203 579 254 PRAEFATIO
597 204 768 257 EDITORIS
973 202 1077 257 XXVII

10 382 14 418 ι
72 370 168 430 borum
197 370 382 446 archetypus
410 361 469 448 (A)
496 369 683 446 restituitur,
720 390 809 446 quem
841 373 961 432 saeculo
990 376 1074 432 sexto
1089 386 1165 428 a=n

10 473 14 507 ’-
66 459 157 519 modio
181 458 383 520 vetustiorem
404 457 498 517 fuisse
521 477 641 518 necesse
663 462 718 518 est

123 547 171 607 At
188 547 271 608 enim
289 547 321 605 in
340 546 510 625 indaganda
523 547 673 624 epitomae
687 549 833 607 memoria
846 548 939 608 etiam
952 554 1075 626 praeter

63 637 182 696 Rufium
204 637 332 696 Festum
355 639 386 695 et
408 636 616 714 augustinum
638 655 731 713 supra
753 637 889 696 Iordanis
921 641 953 696 et
975 638 1075 699 Orosii

61 729 199 803 tempora
222 724 382 784 ascendere
409 725 489 784 licet.
535 745 605 784 nam
628 726 788 802 capitum
811 727 1167 839 inscriptionesorpa

58 815 212 894 genuinas
234 833 294 874 non
318 832 382 873 esse
404 818 440 874 ut
463 833 500 873 ex
525 814 591 890 ipso
614 815 698 874 Flori
725 816 849 876 consilio
876 799 1151 894 intellegiturfl⁰¹¹¹³

61 905 114 982 qui
138 903 231 981 quasi
253 902 384 980 quadam
406 903 520 962 tabella
542 921 611 962 cum
630 903 698 962 aliis
715 904 789 963 viris
808 905 951 965 historiae
969 905 1094 982 peritis,

57 997 124 1066 turn
148 992 325 1052 rhetoribus
347 992 453 1068 populi
476 992 605 1051 Romani
629 993 869 1070 magnitudinem
897 994 1076 1054 adumbrare

57 1083 193 1158 volebat,
223 1081 363 1140 libellum
384 1082 521 1157 puerulis
544 1082 737 1141 ediscendum
762 1085 793 1142 et
815 1084 846 1142 in
868 1084 1075 1161 paragraphos

49 1171 239 1230 distinctum
256 1189 433 1246 componere
456 1170 588 1246 nolebat,
610 1170 655 1230 ita
678 1171 806 1230 maxime
829 1172 982 1248 capitibus
1004 1173 1075 1232 libri

49 1259 184 1320 secundi
212 1262 296 1318 sexto
325 1261 356 1317 et
378 1259 505 1335 septimo
529 1252 992 1340 (p.124,12)00mpr0batur,
1020 1261 1075 1320 ubi

55 1349 204 1408 ultimum
231 1348 357 1408 verbnm
384 1352 537 1422 cumenae
559 1348 623 1408 sive
650 1349 682 1406 in
709 1349 807 1408 altera
838 1351 1010 1409 recensione
1042 1352 1076 1409 id

48 1439 305 1512 qualiacumque
327 1436 364 1495 ab
388 1456 423 1497 eo
447 1438 585 1514 quisquis
608 1437 747 1496 libellum
768 1437 800 1495 in
823 1439 924 1515 capita
953 1438 1075 1498 diremit

53 1525 333 1603 inscriptionesque
351 1526 454 1602 posuit
472 1545 532 1586 non
550 1529 631 1585 recte
654 1526 844 1585 intellectum
868 1531 899 1586 et
917 1528 955 1586 ad
973 1528 1073 1604 proxi-

47 1636 142 1675 mum
165 1617 260 1691 caput
282 1618 415 1674 tractum
437 1618 495 1692 est,
523 1615 633 1674 titulus
657 1634 728 1675 vero
752 1616 857 1674 bellura
878 1617 982 1674 servile
1004 1620 1075 1693 post

53 1704 263 1781 penultimum
289 1703 415 1763 verbnm
440 1704 549 1779 capitis
581 1705 657 1763 sexti
688 1706 821 1763 litaretur
852 1705 978 1781 positus.
1025 1725 1073 1765 ac·

52 1794 139 1853 cedit
173 1793 257 1870 quod
283 1792 446 1851 nonnullae
473 1793 683 1870 inscriptiones
711 1812 780 1852 cnm
807 1794 873 1870 ipsa
900 1795 1073 1854 narratione

47 1902 116 1943 non
145 1881 224 1941 bene
252 1881 436 1941 conveniunt
457 1882 544 1941 velut
566 1882 641 1940 I41
667 1883 772 1941 bellora
789 1885 963 1961 piraticam,
992 1885 1074 1960 qnod

47 1973 81 2030 si
103 1970 191 2031 Flori
217 1970 311 2031 verba
334 1971 470 2047 sequaris
493 1974 524 2029 et
546 1971 603 2030 boc
626 1975 719 2048 capnt
742 1972 822 2030 inter
844 1973 925 2031 bella
949 1976 1073 2032 externa

53 2060 119 2137 legi
149 2062 286 2136 reputes,
319 2059 424 2118 bellam
453 2058 577 2118 Cilicem
606 2060 777 2120 vocandum
810 2064 876 2119 erat
908 2063 939 2119 et
970 2061 1002 2120 Π
1030 2064 1073 2120 34

49 2167 118 2223 poa
149 2149 326 2208 Pcrtleoriaa
359 2152 385 2206 et
415 2150 588 2208 consecratio
620 2147 766 2223 Augusti,
800 2168 983 2226 quamquam
1016 2150 1073 2208 snb

56 2238 151 2296 finem
178 2237 284 2314 capitis
312 2239 434 2297 tantum
456 2238 626 2297 sanctitatis
649 2238 778 2297 nominis
802 2238 935 2315 Augusti
957 2239 1072 2297 mentio

55 2325 102 2402 fit,
126 2345 185 2385 non
208 2326 444 2387 consecrationis
466 2330 536 2403 post
559 2327 683 2386 obitum.
712 2329 846 2385 ceterum
869 2326 953 2384 nolui
977 2328 1072 2386 omni-

54 2416 112 2475 bus
139 2415 202 2474 illis
231 2415 349 2480 omissis
377 2416 415 2474 ad
443 2416 613 2492 exemplum
635 2415 776 2483 ,Seebodii
799 2415 968 2491 legentium
992 2435 1071 2476 com·

53 2505 144 2564 modo
178 2504 292 2564 obesse.
343 2504 404 2563 fuit
435 2514 539 2563 autem
570 2505 623 2563 ille
655 2505 744 2563 homo
777 2503 830 2580 qui
861 2503 1071 2581 inscriptiones

53 2594 172 2669 primus
194 2593 299 2670 posuit
325 2613 385 2652 non
412 2593 560 2653 indoctus.
606 2593 637 2652 id
666 2593 747 2670 quod
770 2611 831 2651 non
854 2594 953 2652 solum
977 2614 1012 2653 ea
1036 2615 1072 2654 ex

52 2701 85 2741 re
107 2681 307 2760 perspicitur,
337 2683 420 2758 qnod
444 2673 623 2759 plerumque
647 2682 794 2741 sectiones
816 2681 906 2741 iustis
929 2683 1003 2742 locis
1026 2685 1071 2742 in-

54 2771 160 2831 stituit
179 2772 211 2829 et
229 2771 304 2829 satis
323 2776 394 2846 apte
413 2774 592 2848 argumenta
610 2770 765 2842 indicavit,
788 2790 893 2831 verum
914 2771 959 2830 bis
978 2773 1071 2832 etiam

55 2859 202 2920 vocabulo
222 2861 477 2933 anacephalaeosis
495 2877 568 2918 usne
587 2862 633 2920 est
651 2851 681 2941 (l
701 2863 735 2935 23
759 2853 859 2941 40¹).
897 2861 979 2937 quod
1002 2880 1070 2920 cum

54 2948 238 3009 uetustiores
271 2949 461 3026 grammatici
493 2949 579 3007 velut
605 2950 719 3008 Atilius
747 2949 986 3009 Fortunatianns
1014 2953 1070 3008 art.

55 3037 129 3098 rhet,
148 3037 181 3096 Π
201 3038 241 3097 31
272 3040 304 3095 et
329 3037 444 3096 Marius
474 3037 648 3096 Victorinus
675 3055 774 3114 expos.
803 3038 834 3096 in
856 3038 887 3097 II
910 3039 986 3097 rhet.
1010 3037 1070 3098 Oic.

59 3128 88 3203 2,
106 3129 150 3187 48
185 3144 282 3202 usqne
309 3126 348 3184 ad
375 3126 560 3184 Mattianum
588 3125 743 3203 Capellam
770 3127 798 3184 V
818 3129 881 3187 564
912 3130 1069 3203 usurpent,

58 3219 157 3289 patres
176 3233 248 3275 vero
267 3215 409 3274 ecclesiae
428 3215 498 3273 inda
517 3216 555 3274 ab
572 3215 744 3293 Augustino
763 3216 799 3275 de
819 3216 874 3275 civ.
895 3215 942 3274 dei
956 3213 1012 3272 XV
1027 3218 1067 3276 21

60 3301 201 3364 Latinum
229 3305 428 3377 recapitulatio
455 3304 599 3382 babeant,
628 3305 843 3381 grammaticus
873 3305 925 3362 ille
949 3307 1069 3366 saeculo

61 3408 82 3450 ι.
105 3392 173 3453 chr.
199 3395 307 3470 quarto
335 3393 513 3452 tribuendus
540 3394 670 3455 videtur.
717 3395 835 3453 constat
861 3393 940 3450 enim
963 3395 1068 3455 eodem

128 3585 153 3650 1)
172 3599 198 3634 v.
218 3579 293 3634 infra
311 3598 337 3650 p.
353 3581 408 3634 LX.
