2334 3922
391 198 416 267 Ι,
435 201 478 251 45.
497 201 531 252 ee
550 196 611 266 (ΙΙΙ,
633 199 755 266 ιο-ιι).

316 381 413 442 XLVI.
445 381 594 442 BELLVM
616 378 838 441 PARTHICVM.

137 523 215 585 Dum
247 524 345 585 Gallos
377 543 431 603 per
460 523 616 585 Gaesarem
648 525 679 583 in
712 524 915 602 septentrione
947 521 1162 605 debellat,111,1

70 617 135 693 ipse
164 615 286 674 interim
309 614 345 674 ad
369 615 515 673 orientem
538 631 625 690 grave
648 611 752 672 volnus
777 630 793 671 a
815 611 931 671 Parthis
954 611 1081 691 populus

69 702 221 763 Romanus
249 705 371 782 accepit.
417 721 472 762 nec
496 700 533 761 de
556 702 675 762 fortuna
698 702 784 780 queri
806 718 978 782 possumus,
1002 709 1083 762 caret

42 791 181 852 ssolacio
214 791 321 852 clades.
367 790 499 852 adversis
532 798 562 850 et
595 790 641 850 dis
673 797 703 850 et
734 789 904 851 hominibus
935 789 1116 868 cupiditase

69 880 201 940 consulis
222 880 330 961 Crassi,
353 880 423 941 dum
441 879 578 940 Parthico
601 880 696 940 inhiat
718 898 800 960 auro,
822 878 962 939 undecim
981 886 1078 958 strage

69 969 221 1048 legionum
249 977 278 1030 et
303 971 397 1049 ipsius
420 971 516 1048 capite
539 969 662 1030 multata
685 976 739 1029 est.
786 976 816 1029 ct
837 968 976 1029 tribunus
999 967 1114 1047 plebia

68 1058 205 1119 bletellus
238 1066 396 1119 exeuntem
426 1059 532 1119 ducem
558 1057 717 1118 hostilibus
745 1056 820 1117 diris
849 1057 1019 1138 devoverat,
1052 1065 1082 1118 et

69 1167 139 1208 cum
162 1147 290 1226 Zeugma
312 1149 469 1208 transisset
492 1150 650 1227 exercitus,
673 1154 756 1226 rapta
781 1145 888 1206 subitis
912 1149 996 1225 signa
1017 1155 1116 1207 tur-4

31 1251 56 1289 1⁰
70 1236 192 1297 binibus
216 1237 314 1297 hausit
332 1236 508 1317 Euphrates,
531 1245 647 1297 etcum
666 1243 736 1314 aput
754 1234 967 1314 Nicephorium
986 1244 1081 1296 castra

69 1328 233 1406 posuisset,
258 1328 343 1386 missi
367 1325 402 1386 ab
427 1325 524 1385 Orode
547 1344 618 1404 rege
641 1324 729 1402 legati
752 1327 935 1405 nuntiavere,
957 1342 1080 1403 percus-

70 1433 174 1476 sorum
192 1433 260 1475 cum
277 1415 417 1494 Pompeio
436 1415 589 1476 foederum
604 1413 740 1493 Syllaque
758 1415 954 1472 meminisset.
990 1415 1081 1491 regiis
1100 1423 1116 1474 5

69 1503 189 1564 inhians
219 1503 268 1564 ille
296 1505 465 1565 thensauris
493 1503 567 1563 nihil
595 1522 632 1563 ne
660 1504 835 1581 imaginario
864 1501 983 1580 quidem
1007 1504 1081 1582 iure,

71 1601 118 1652 set
141 1584 293 1653 Seleuciae
323 1612 354 1653 se
382 1610 595 1672 responsurum
619 1610 684 1652 esse
709 1590 869 1670 respondit.
917 1593 1016 1670 itaque
1039 1589 1116 1653 diis

31 1693 56 1734 1⁵
70 1681 227 1744 foederum
245 1681 357 1742 ultores
376 1701 431 1742 nec
450 1681 568 1741 insidiis
582 1699 638 1741 nec
653 1682 755 1741 virtuti
768 1681 900 1740 hostium
914 1678 1081 1741 defuerunt.

70 1773 130 1831 iam
151 1773 290 1852 primum,
313 1772 364 1850 qui
384 1771 464 1832 solus
484 1779 513 1830 et
532 1770 695 1830 subvehere
715 1776 895 1829 commeatus
915 1777 945 1828 et
963 1771 1081 1830 munire

70 1866 188 1939 poterat
215 1879 231 1919 a
254 1867 351 1940 tergo,
379 1859 500 1920 relictus
523 1858 702 1938 Euphrates,
730 1857 801 1918 dum
824 1857 961 1918 simulato
985 1866 1080 1918 trans-

71 1949 158 2027 fugae
191 1949 307 2010 cuidam
333 1948 480 2009 Mazzarae
508 1948 582 2028 Syro
615 1947 755 2008 creditur.
800 1955 864 2007 tum
894 1948 925 2007 in
953 1946 1115 2010 mediam?

71 2056 244 2116 camporum
275 2040 441 2099 vastitatem
473 2037 577 2097 eodem
610 2036 684 2096 duce
717 2036 823 2107 ductus
854 2037 1016 2115 exercitus,
1048 2044 1081 2097 ut

30 2139 56 2178 2⁰
69 2127 203 2206 undique
221 2127 301 2187 hosti
319 2135 524 2205 exponeretur.
556 2128 656 2205 itaque
674 2124 795 2184 vixdum
811 2135 933 2184 venerat
947 2123 1081 2204 Garrhas,
1100 2137 1117 2186 8

70 2233 140 2276 cum
167 2216 299 2295 undique
320 2216 462 2295 praefecti
485 2217 564 2293 regis
589 2214 699 2275 Silaces
723 2221 753 2273 et
771 2212 901 2273 Surenas
925 2213 1082 2273 ostendere

143 2369 165 2422 I
181 2373 195 2421 1
214 2383 293 2423 nunu
310 2381 488 2423 enarmonia
503 2398 526 2436 ·,·
541 2369 576 2422 N
589 2370 599 2438 11
617 2374 632 2421 2
653 2366 872 2436 septentrionem
890 2369 929 2434 (m
947 2368 1082 2435 conpererit

69 2457 105 2495 m.
120 2442 149 2509 1)
167 2439 202 2493 N
217 2442 222 2509 1
242 2439 304 2509 ipsc
322 2447 385 2494 ante
403 2439 516 2494 interim
534 2457 583 2494 om.
606 2440 630 2495 0
646 2444 650 2508 1
671 2438 773 2491 uulnus
791 2438 851 2491 BL
866 2440 871 2507 1
887 2435 1015 2506 aphartis
1030 2437 1064 2492 N

71 2509 206 2593 [populus
224 2510 400 2593 Romanusl?
419 2513 429 2581 11
450 2519 465 2566 5
486 2510 540 2565 diis
558 2511 618 2565 BL
638 2515 642 2576 1
664 2511 708 2563 set
725 2512 750 2578 (s
769 2511 906 2635 exportarit
922 2527 957 2564 m.
976 2512 1007 2577 2)
1026 2509 1060 2564 N

71 2581 644 2723 futffdssdlffldffifpfnii)
654 2584 913 2726 tmpffln,
924 2579 1083 2722 tttttl

73 2724 280 2780 Freinshemius
296 2727 464 2792 {exuentem
479 2725 507 2779 Β
524 2727 528 2794 1
548 2724 648 2780 ducem
666 2725 697 2794 (d
714 2725 838 2778 radendo
855 2725 887 2777 iu
904 2722 915 2776 l
932 2730 1040 2778 mutato
1057 2729 1083 2777 et

18 2836 21 2840 .
71 2813 106 2851 m.
126 2801 146 2850 2
170 2797 250 2863 infru
272 2813 378 2852 versem
400 2796 431 2849 id
449 2799 493 2850 est
510 2795 596 2866 diem)
614 2796 648 2850 N
662 2795 754 2848 lucem
773 2794 800 2847 L
820 2796 825 2864 1
844 2793 973 2848 hostibus
992 2795 1020 2849 Β
1038 2797 1081 2863 119

72 2865 211 2935 exercitus
230 2870 256 2937 (e
274 2884 360 2936 supra
374 2870 496 2936 priorem
510 2883 525 2922 e
538 2869 608 2922 male
622 2869 775 2934 exaratum)
790 2865 817 2918 L
830 2867 840 2935 11
854 2870 888 2919 10
902 2864 1024 2920 eufrates
1041 2865 1064 2920 0
1077 2867 1080 2936 1

73 2938 150 3007 apud
171 2937 194 2993 0
211 2942 215 3002 1
237 2937 419 3008 nicephorum
437 2939 504 2993 BN
517 2937 672 2993 niceforum
690 2938 729 2993 L:
748 2954 817 2992 corr.
835 2937 947 2991 Vinctus
964 2939 973 3005 11
993 2943 1024 2989 11
1045 2935 1082 2989 ab

71 3007 176 3063 herode
199 3009 227 3063 Β
252 3008 373 3064 aberode
397 3010 423 3063 L
447 3010 451 3082 1
477 3009 682 3064 denunciauere
707 3009 759 3078 011
784 3014 815 3062 12
834 3006 1006 3077 phoederum
1024 3007 1052 3060 Β
1077 3008 1080 3031 ³

73 3079 232 3148 nullamque
259 3080 307 3148 01
332 3079 508 3135 meminisset
534 3083 558 3149 (t
582 3083 717 3150 expremit
739 3082 823 3149 1121
847 3080 881 3133 N
901 3081 905 3146 1
931 3080 974 3133 set
996 3076 1081 3148 regiis

71 3153 201 3219 Iubmus,
219 3158 250 3206 ot
266 3159 392 3207 e.os.14
411 3155 420 3222 11
442 3158 474 3206 13
493 3151 633 3206 thesauris
651 3152 711 3207 BL
731 3155 735 3218 1
755 3167 791 3205 ne
809 3168 859 3206 om.
877 3150 917 3219 01
932 3147 1082 3218 imginnn’o

71 3223 98 3276 L
116 3223 126 3291 11
145 3227 179 3276 14
198 3222 248 3278 sed
266 3223 293 3278 L
311 3226 320 3294 11
341 3229 373 3277 16
391 3223 563 3293 phoederum
581 3225 609 3278 B
625 3227 629 3289 1
645 3222 755 3277 insidiis
777 3221 811 3290 (is
830 3224 862 3275 in
880 3239 980 3276 rasura
997 3221 1082 3274 unius

71 3294 187 3362 litterae)
206 3294 234 3348 Β
253 3294 373 3349 insidis?
390 3295 400 3364 11
424 3300 457 3348 16
475 3294 579 3349 muniri
597 3297 625 3350 B
642 3298 651 3366 11
672 3301 703 3349 17
722 3292 845 3347 eufrates
864 3292 898 3345 N
914 3293 918 3359 1
939 3291 1010 3344 Tum
1029 3290 1055 3343 L
1073 3292 1082 3361 11

72 3369 105 3418 18
129 3381 257 3419 mancare
281 3366 316 3420 N
335 3365 436 3421 Festus
459 3367 528 3422 brec.
552 3372 588 3421 17
611 3381 722 3419 mazare
745 3363 808 3417 BL
832 3362 837 3433 1
863 3361 918 3416 'siro
941 3361 968 3414 L
992 3364 996 3430 1
1021 3364 1083 3416 tum

71 3452 121 3490 om.
137 3437 166 3490 B
184 3434 252 3489 dum
266 3437 293 3491 L
310 3439 319 3506 11
339 3443 371 3490 19
390 3438 423 3490 ut
440 3453 490 3492 om.
508 3436 554 3506 011
572 3443 606 3491 20
626 3436 739 3490 carhras
753 3434 781 3486 L
793 3437 803 3502 1
817 3441 849 3486 21
870 3432 1005 3502 praefecti
1024 3435 1082 3502 (rae
1118 3468 1121 3475 -

71 3509 103 3561 iu
125 3510 238 3577 rosana)
253 3509 282 3562 B
307 3510 311 3577 1
337 3507 438 3561 silaces
461 3510 522 3577 (pro
540 3522 562 3562 n
577 3538 583 3550 ·
598 3534 632 3554 =
643 3508 789 3578 proprium
807 3521 904 3559 noneeu
921 3521 1007 3574 supro
1024 3521 1081 3560 een·

71 3595 132 3632 sum
154 3595 189 3633 m.
207 3581 237 3648 2)
256 3578 289 3633 N
305 3581 316 3648 1
331 3578 437 3633 sirenas
456 3579 484 3633 B
507 3595 622 3648 syrenas
643 3580 677 3634 C:
696 3594 765 3633 corr.
785 3593 826 3647 cp.
844 3580 850 3643 1
868 3575 1035 3630 hostendere
1056 3576 1082 3629 B
