<?xml version="1.0" encoding="UTF-8"?>
<!DOCTYPE html PUBLIC "-//W3C//DTD XHTML 1.0 Transitional//EN"
    "http://www.w3.org/TR/xhtml1/DTD/xhtml1-transitional.dtd">
<html xmlns="http://www.w3.org/1999/xhtml" xml:lang="en" lang="en">
 <head>
  <title>
</title>
<meta http-equiv="Content-Type" content="text/html;charset=utf-8" />
  <meta name='ocr-system' content='tesseract 3.04.00' />
  <meta name='ocr-capabilities' content='ocr_page ocr_carea ocr_par ocr_line ocrx_word'/>
</head>
<body>
  <div class='ocr_page' id='page_1' title='image "./lannaeifloriepi04florgoog_0089.png"; bbox 0 0 2334 3922; ppageno 0'>
   <div class='ocr_carea' id='block_1_1' title="bbox 117 177 769 242">
    <p class='ocr_par' dir='ltr' id='par_1_1' title="bbox 117 177 769 242">
     <span class='ocr_line' id='line_1_1' title="bbox 117 177 769 242; baseline -0.002 -11"><span class='ocrx_word' id='word_1_1' title='bbox 117 177 158 242; x_wconf 89' lang='grc'><strong>16</strong></span> <span class='ocrx_word' id='word_1_2' title='bbox 479 180 590 231; x_wconf 80' lang='lat' dir='ltr'><strong><em>FLORI</em></strong></span> <span class='ocrx_word' id='word_1_3' title='bbox 608 180 769 230; x_wconf 79' lang='grc' dir='ltr'><strong>ΕΡΙΤΟΜΑ</strong></span> 
     </span>
    </p>
   </div>
   <div class='ocr_carea' id='block_1_2' title="bbox 70 341 1165 2110">
    <p class='ocr_par' dir='ltr' id='par_1_2' title="bbox 80 341 1161 1223">
     <span class='ocr_line' id='line_1_2' title="bbox 114 341 1127 424; baseline -0.005 -18"><span class='ocrx_word' id='word_1_4' title='bbox 114 365 197 406; x_wconf 91' lang='lat' dir='ltr'><strong>mora</strong></span> <span class='ocrx_word' id='word_1_5' title='bbox 226 350 481 424; x_wconf 80' lang='lat' dir='ltr'><strong>corrumperetur,</strong></span> <span class='ocrx_word' id='word_1_6' title='bbox 510 344 707 421; x_wconf 83' lang='lat' dir='ltr'>consulesque</span> <span class='ocrx_word' id='word_1_7' title='bbox 736 343 893 422; x_wconf 86' lang='lat' dir='ltr'><strong>appellavit</strong></span> <span class='ocrx_word' id='word_1_8' title='bbox 919 361 975 422; x_wconf 94' lang='lat' dir='ltr'><strong>pro</strong></span> <span class='ocrx_word' id='word_1_9' title='bbox 997 341 1127 421; x_wconf 84' lang='lat' dir='ltr'><strong>regibus,</strong></span> 
     </span>
     <span class='ocr_line' id='line_1_3' title="bbox 114 431 1127 496; baseline -0.004 -1"><span class='ocrx_word' id='word_1_10' title='bbox 114 443 148 496; x_wconf 87' lang='lat' dir='ltr'><strong>ut</strong></span> <span class='ocrx_word' id='word_1_11' title='bbox 178 434 333 495; x_wconf 89' lang='lat' dir='ltr'><strong>consulere</strong></span> <span class='ocrx_word' id='word_1_12' title='bbox 367 452 398 493; x_wconf 94' lang='lat' dir='ltr'><strong>se</strong></span> <span class='ocrx_word' id='word_1_13' title='bbox 431 432 546 493; x_wconf 92' lang='lat' dir='ltr'><strong>civibus</strong></span> <span class='ocrx_word' id='word_1_14' title='bbox 575 435 637 493; x_wconf 93' lang='lat' dir='ltr'><strong>suis</strong></span> <span class='ocrx_word' id='word_1_15' title='bbox 665 431 775 492; x_wconf 90' lang='lat' dir='ltr'><strong>debere</strong></span> <span class='ocrx_word' id='word_1_16' title='bbox 802 434 1020 492; x_wconf 76' lang='lat' dir='ltr'><strong>meminissent.</strong></span> <span class='ocrx_word' id='word_1_17' title='bbox 1066 438 1127 491; x_wconf 91' lang='lat' dir='ltr'><strong>tan·</strong></span> 
     </span>
     <span class='ocr_line' id='line_1_4' title="bbox 80 521 1129 601; baseline -0.008 -15"><span class='ocrx_word' id='word_1_18' title='bbox 80 532 238 601; x_wconf 76' lang='lat' dir='ltr'><strong>stumque</strong></span> <span class='ocrx_word' id='word_1_19' title='bbox 261 523 406 583; x_wconf 78' lang='lat' dir='ltr'><strong>libertatis</strong></span> <span class='ocrx_word' id='word_1_20' title='bbox 429 540 523 582; x_wconf 90' lang='lat' dir='ltr'><strong>novae</strong></span> <span class='ocrx_word' id='word_1_21' title='bbox 546 521 685 599; x_wconf 84' lang='lat' dir='ltr'><strong>gaudium</strong></span> <span class='ocrx_word' id='word_1_22' title='bbox 708 523 882 600; x_wconf 85' lang='lat' dir='ltr'><strong>incesserat,</strong></span> <span class='ocrx_word' id='word_1_23' title='bbox 905 528 939 581; x_wconf 91' lang='lat' dir='ltr'><strong>ut</strong></span> <span class='ocrx_word' id='word_1_24' title='bbox 957 523 1006 580; x_wconf 83' lang='lat' dir='ltr'><strong>vix</strong></span> <span class='ocrx_word' id='word_1_25' title='bbox 1026 521 1129 581; x_wconf 90' lang='lat' dir='ltr'><strong>mutati</strong></span> 
     </span>
     <span class='ocr_line' id='line_1_5' title="bbox 116 608 1128 690; baseline -0.005 -17"><span class='ocrx_word' id='word_1_26' title='bbox 116 620 209 673; x_wconf 85' lang='lat' dir='ltr'><strong>status</strong></span> <span class='ocrx_word' id='word_1_27' title='bbox 233 612 322 672; x_wconf 90' lang='lat' dir='ltr'><strong>fidem</strong></span> <span class='ocrx_word' id='word_1_28' title='bbox 346 618 486 690; x_wconf 88' lang='lat' dir='ltr'><strong>caperent</strong></span> <span class='ocrx_word' id='word_1_29' title='bbox 510 609 694 688; x_wconf 88' lang='lat' dir='ltr'><strong>alterumque</strong></span> <span class='ocrx_word' id='word_1_30' title='bbox 714 608 950 689; x_wconf 85' lang='lat' dir='ltr'><strong>exconsulibus,</strong></span> <span class='ocrx_word' id='word_1_31' title='bbox 974 608 1128 670; x_wconf 84' lang='lat' dir='ltr'><strong>Lucretiae</strong></span> 
     </span>
     <span class='ocr_line' id='line_1_6' title="bbox 115 696 1161 781; baseline -0.009 -20"><span class='ocrx_word' id='word_1_32' title='bbox 115 704 268 781; x_wconf 89' lang='lat' dir='ltr'><strong>maritum,</strong></span> <span class='ocrx_word' id='word_1_33' title='bbox 305 707 420 761; x_wconf 90' lang='lat' dir='ltr'><strong>tantum</strong></span> <span class='ocrx_word' id='word_1_34' title='bbox 453 699 490 759; x_wconf 94' lang='lat' dir='ltr'><strong>ob</strong></span> <span class='ocrx_word' id='word_1_35' title='bbox 522 717 631 759; x_wconf 90' lang='lat' dir='ltr'><strong>nomen</strong></span> <span class='ocrx_word' id='word_1_36' title='bbox 664 704 694 758; x_wconf 90' lang='lat' dir='ltr'><strong>et</strong></span> <span class='ocrx_word' id='word_1_37' title='bbox 725 716 819 776; x_wconf 84' lang='lat' dir='ltr'><strong>genus</strong></span> <span class='ocrx_word' id='word_1_38' title='bbox 850 700 967 777; x_wconf 82' lang='lat' dir='ltr'><strong>regium</strong></span> <span class='ocrx_word' id='word_1_39' title='bbox 999 696 1161 758; x_wconf 80' lang='lat' dir='ltr'><strong>fascibusa</strong></span> 
     </span>
     <span class='ocr_line' id='line_1_7' title="bbox 80 786 1129 869; baseline -0.005 -18"><span class='ocrx_word' id='word_1_40' title='bbox 80 790 265 869; x_wconf 84' lang='lat' dir='ltr'><strong>4abrogatis</strong></span> <span class='ocrx_word' id='word_1_41' title='bbox 299 787 373 850; x_wconf 90' lang='lat' dir='ltr'><strong>urbe</strong></span> <span class='ocrx_word' id='word_1_42' title='bbox 406 788 598 848; x_wconf 88' lang='lat' dir='ltr'><strong>dimitterent.</strong></span> <span class='ocrx_word' id='word_1_43' title='bbox 645 790 744 865; x_wconf 90' lang='lat' dir='ltr'><strong>itaque</strong></span> <span class='ocrx_word' id='word_1_44' title='bbox 778 786 958 847; x_wconf 86' lang='lat' dir='ltr'><strong>substitutus</strong></span> <span class='ocrx_word' id='word_1_45' title='bbox 990 786 1129 846; x_wconf 89' lang='lat' dir='ltr'><strong>Horatius</strong></span> 
     </span>
     <span class='ocr_line' id='line_1_8' title="bbox 116 875 1130 953; baseline -0.004 -15"><span class='ocrx_word' id='word_1_46' title='bbox 116 878 267 940; x_wconf 86' lang='lat' dir='ltr'><strong>Publicola</strong></span> <span class='ocrx_word' id='word_1_47' title='bbox 295 895 411 937; x_wconf 91' lang='lat' dir='ltr'><strong>summo</strong></span> <span class='ocrx_word' id='word_1_48' title='bbox 440 876 538 937; x_wconf 90' lang='lat' dir='ltr'><strong>studio</strong></span> <span class='ocrx_word' id='word_1_49' title='bbox 568 876 689 936; x_wconf 91' lang='lat' dir='ltr'><strong>adnisus</strong></span> <span class='ocrx_word' id='word_1_50' title='bbox 718 883 764 936; x_wconf 88' lang='lat' dir='ltr'><strong>est</strong></span> <span class='ocrx_word' id='word_1_51' title='bbox 791 876 827 935; x_wconf 95' lang='lat' dir='ltr'><strong>ad</strong></span> <span class='ocrx_word' id='word_1_52' title='bbox 855 875 1022 953; x_wconf 84' lang='lat' dir='ltr'><strong>augendam</strong></span> <span class='ocrx_word' id='word_1_53' title='bbox 1046 875 1130 935; x_wconf 91' lang='lat' dir='ltr'><strong>liberi</strong></span> 
     </span>
     <span class='ocr_line' id='line_1_9' title="bbox 115 965 1129 1046; baseline -0.003 -19"><span class='ocrx_word' id='word_1_54' title='bbox 115 966 219 1046; x_wconf 89' lang='lat' dir='ltr'><strong>populi</strong></span> <span class='ocrx_word' id='word_1_55' title='bbox 246 968 438 1026; x_wconf 87' lang='lat' dir='ltr'><strong>maiestatem.</strong></span> <span class='ocrx_word' id='word_1_56' title='bbox 485 983 554 1025; x_wconf 89' lang='lat' dir='ltr'><strong>nam</strong></span> <span class='ocrx_word' id='word_1_57' title='bbox 582 972 613 1025; x_wconf 87' lang='lat' dir='ltr'><strong>et</strong></span> <span class='ocrx_word' id='word_1_58' title='bbox 639 965 734 1025; x_wconf 83' lang='lat' dir='ltr'><strong>fasces</strong></span> <span class='ocrx_word' id='word_1_59' title='bbox 758 966 787 1024; x_wconf 93' lang='lat' dir='ltr'><strong>ei</strong></span> <span class='ocrx_word' id='word_1_60' title='bbox 809 982 864 1043; x_wconf 91' lang='lat' dir='ltr'><strong>pro</strong></span> <span class='ocrx_word' id='word_1_61' title='bbox 889 967 1040 1044; x_wconf 24' lang='lat' dir='ltr'><strong>contione·</strong></span> <span class='ocrx_word' id='word_1_62' title='bbox 1053 982 1129 1024; x_wconf 91' lang='lat' dir='ltr'><strong>sum·</strong></span> 
     </span>
     <span class='ocr_line' id='line_1_10' title="bbox 116 1053 1130 1135; baseline -0.003 -20"><span class='ocrx_word' id='word_1_63' title='bbox 116 1059 210 1135; x_wconf 86' lang='lat' dir='ltr'><strong>misit,</strong></span> <span class='ocrx_word' id='word_1_64' title='bbox 243 1062 273 1115; x_wconf 90' lang='lat' dir='ltr'><strong>et</strong></span> <span class='ocrx_word' id='word_1_65' title='bbox 305 1057 353 1115; x_wconf 91' lang='lat' dir='ltr'><strong>ius</strong></span> <span class='ocrx_word' id='word_1_66' title='bbox 383 1055 600 1133; x_wconf 88' lang='lat' dir='ltr'><strong>provocationis</strong></span> <span class='ocrx_word' id='word_1_67' title='bbox 629 1054 771 1113; x_wconf 89' lang='lat' dir='ltr'><strong>adversus</strong></span> <span class='ocrx_word' id='word_1_68' title='bbox 798 1055 880 1132; x_wconf 92' lang='lat' dir='ltr'><strong>ipsos</strong></span> <span class='ocrx_word' id='word_1_69' title='bbox 909 1053 1004 1134; x_wconf 86' lang='lat' dir='ltr'><strong>dedit,</strong></span> <span class='ocrx_word' id='word_1_70' title='bbox 1037 1059 1067 1113; x_wconf 90' lang='lat' dir='ltr'><strong>et</strong></span> <span class='ocrx_word' id='word_1_71' title='bbox 1094 1071 1130 1112; x_wconf 93' lang='lat' dir='ltr'><strong>ne</strong></span> 
     </span>
     <span class='ocr_line' id='line_1_11' title="bbox 117 1141 1161 1223; baseline -0.002 -19"><span class='ocrx_word' id='word_1_72' title='bbox 117 1146 216 1223; x_wconf 91' lang='lat' dir='ltr'><strong>specie</strong></span> <span class='ocrx_word' id='word_1_73' title='bbox 240 1145 317 1204; x_wconf 90' lang='lat' dir='ltr'><strong>arcis</strong></span> <span class='ocrx_word' id='word_1_74' title='bbox 342 1143 506 1203; x_wconf 86' lang='lat' dir='ltr'><strong>ollenderet</strong></span> <span class='ocrx_word' id='word_1_75' title='bbox 527 1144 685 1202; x_wconf 90' lang='lat' dir='ltr'><strong>eminentis</strong></span> <span class='ocrx_word' id='word_1_76' title='bbox 704 1141 786 1202; x_wconf 89' lang='lat' dir='ltr'><strong>aedis</strong></span> <span class='ocrx_word' id='word_1_77' title='bbox 806 1160 875 1202; x_wconf 90' lang='lat' dir='ltr'><strong>suas</strong></span> <span class='ocrx_word' id='word_1_78' title='bbox 893 1143 925 1201; x_wconf 92' lang='lat' dir='ltr'><strong>in</strong></span> <span class='ocrx_word' id='word_1_79' title='bbox 943 1141 1033 1220; x_wconf 90' lang='lat' dir='ltr'><strong>plana</strong></span> <span class='ocrx_word' id='word_1_80' title='bbox 1052 1153 1161 1202; x_wconf 84' lang='lat' dir='ltr'><strong>sum-1⁰</strong></span> 
     </span>
    </p>

    <p class='ocr_par' dir='ltr' id='par_1_3' title="bbox 81 1230 1130 1488">
     <span class='ocr_line' id='line_1_12' title="bbox 81 1230 1130 1296; baseline -0.005 -1"><span class='ocrx_word' id='word_1_81' title='bbox 81 1248 97 1296; x_wconf 84' lang='lat' dir='ltr'><strong>e</strong></span> <span class='ocrx_word' id='word_1_82' title='bbox 117 1235 206 1292; x_wconf 86' lang='lat' dir='ltr'><strong>misit.</strong></span> <span class='ocrx_word' id='word_1_83' title='bbox 243 1231 354 1292; x_wconf 86' lang='lat' dir='ltr'><strong>Brutus</strong></span> <span class='ocrx_word' id='word_1_84' title='bbox 376 1250 446 1292; x_wconf 86' lang='lat' dir='ltr'><strong>vero</strong></span> <span class='ocrx_word' id='word_1_85' title='bbox 470 1231 564 1290; x_wconf 88' lang='lat' dir='ltr'><strong>favori</strong></span> <span class='ocrx_word' id='word_1_86' title='bbox 588 1232 698 1291; x_wconf 86' lang='lat' dir='ltr'><strong>civium</strong></span> <span class='ocrx_word' id='word_1_87' title='bbox 721 1233 809 1291; x_wconf 88' lang='lat' dir='ltr'><strong>etiam</strong></span> <span class='ocrx_word' id='word_1_88' title='bbox 833 1230 938 1291; x_wconf 90' lang='lat' dir='ltr'><strong>domus</strong></span> <span class='ocrx_word' id='word_1_89' title='bbox 958 1249 1030 1292; x_wconf 89' lang='lat' dir='ltr'><strong>snae</strong></span> <span class='ocrx_word' id='word_1_90' title='bbox 1049 1230 1130 1291; x_wconf 88' lang='lat' dir='ltr'><strong>clade</strong></span> 
     </span>
     <span class='ocr_line' id='line_1_13' title="bbox 117 1319 1129 1400; baseline -0.003 -19"><span class='ocrx_word' id='word_1_91' title='bbox 117 1329 146 1381; x_wconf 88' lang='lat' dir='ltr'><strong>et</strong></span> <span class='ocrx_word' id='word_1_92' title='bbox 177 1321 337 1400; x_wconf 91' lang='lat' dir='ltr'><strong>parricidio</strong></span> <span class='ocrx_word' id='word_1_93' title='bbox 369 1320 533 1380; x_wconf 85' lang='lat' dir='ltr'><strong>velificatus</strong></span> <span class='ocrx_word' id='word_1_94' title='bbox 562 1327 615 1379; x_wconf 92' lang='lat' dir='ltr'><strong>est.</strong></span> <span class='ocrx_word' id='word_1_95' title='bbox 663 1321 772 1398; x_wconf 85' lang='lat' dir='ltr'><strong>quippe</strong></span> <span class='ocrx_word' id='word_1_96' title='bbox 801 1337 870 1380; x_wconf 92' lang='lat' dir='ltr'><strong>cum</strong></span> <span class='ocrx_word' id='word_1_97' title='bbox 897 1319 1020 1380; x_wconf 87' lang='lat' dir='ltr'><strong>studere</strong></span> <span class='ocrx_word' id='word_1_98' title='bbox 1048 1338 1129 1380; x_wconf 85' lang='lat' dir='ltr'><strong>revo-</strong></span> 
     </span>
     <span class='ocr_line' id='line_1_14' title="bbox 116 1407 1129 1488; baseline -0.002 -18"><span class='ocrx_word' id='word_1_99' title='bbox 116 1411 219 1470; x_wconf 89' lang='lat' dir='ltr'><strong>candis</strong></span> <span class='ocrx_word' id='word_1_100' title='bbox 252 1411 282 1470; x_wconf 92' lang='lat' dir='ltr'><strong>in</strong></span> <span class='ocrx_word' id='word_1_101' title='bbox 311 1409 417 1469; x_wconf 87' lang='lat' dir='ltr'><strong>urbem</strong></span> <span class='ocrx_word' id='word_1_102' title='bbox 444 1408 565 1487; x_wconf 84' lang='lat' dir='ltr'><strong>regibus</strong></span> <span class='ocrx_word' id='word_1_103' title='bbox 593 1407 704 1467; x_wconf 90' lang='lat' dir='ltr'><strong>liberos</strong></span> <span class='ocrx_word' id='word_1_104' title='bbox 733 1426 803 1468; x_wconf 91' lang='lat' dir='ltr'><strong>suos</strong></span> <span class='ocrx_word' id='word_1_105' title='bbox 832 1410 1032 1488; x_wconf 88' lang='lat' dir='ltr'><strong>conperisset,</strong></span> <span class='ocrx_word' id='word_1_106' title='bbox 1064 1427 1129 1487; x_wconf 92' lang='lat' dir='ltr'><strong>pro-</strong></span> 
     </span>
    </p>

    <p class='ocr_par' dir='ltr' id='par_1_4' title="bbox 70 1497 1161 1754">
     <span class='ocr_line' id='line_1_15' title="bbox 70 1497 1130 1575; baseline -0.004 -16"><span class='ocrx_word' id='word_1_107' title='bbox 70 1548 72 1552; x_wconf 36' lang='lat'>&gt;</span> <span class='ocrx_word' id='word_1_108' title='bbox 114 1501 205 1559; x_wconf 86' lang='lat' dir='ltr'><strong>traxit</strong></span> <span class='ocrx_word' id='word_1_109' title='bbox 228 1501 259 1558; x_wconf 93' lang='lat' dir='ltr'><strong>in</strong></span> <span class='ocrx_word' id='word_1_110' title='bbox 283 1498 381 1558; x_wconf 86' lang='lat' dir='ltr'><strong>lorum</strong></span> <span class='ocrx_word' id='word_1_111' title='bbox 404 1505 434 1558; x_wconf 87' lang='lat' dir='ltr'><strong>et</strong></span> <span class='ocrx_word' id='word_1_112' title='bbox 458 1499 594 1557; x_wconf 87' lang='lat' dir='ltr'><strong>contione</strong></span> <span class='ocrx_word' id='word_1_113' title='bbox 618 1497 716 1557; x_wconf 91' lang='lat' dir='ltr'><strong>media</strong></span> <span class='ocrx_word' id='word_1_114' title='bbox 736 1498 828 1575; x_wconf 83' lang='lat' dir='ltr'><strong>virgis</strong></span> <span class='ocrx_word' id='word_1_115' title='bbox 853 1497 961 1556; x_wconf 90' lang='lat' dir='ltr'><strong>cecidit</strong></span> <span class='ocrx_word' id='word_1_116' title='bbox 984 1503 1015 1556; x_wconf 90' lang='lat' dir='ltr'><strong>et</strong></span> <span class='ocrx_word' id='word_1_117' title='bbox 1034 1499 1130 1557; x_wconf 92' lang='lat' dir='ltr'><strong>securi</strong></span> 
     </span>
     <span class='ocr_line' id='line_1_16' title="bbox 115 1584 1161 1667; baseline -0.002 -20"><span class='ocrx_word' id='word_1_118' title='bbox 115 1589 279 1667; x_wconf 87' lang='lat' dir='ltr'><strong>percussit,</strong></span> <span class='ocrx_word' id='word_1_119' title='bbox 306 1594 339 1647; x_wconf 87' lang='lat' dir='ltr'><strong>ut</strong></span> <span class='ocrx_word' id='word_1_120' title='bbox 366 1586 453 1665; x_wconf 89' lang='lat' dir='ltr'><strong>plane</strong></span> <span class='ocrx_word' id='word_1_121' title='bbox 480 1585 617 1664; x_wconf 90' lang='lat' dir='ltr'><strong>publicus</strong></span> <span class='ocrx_word' id='word_1_122' title='bbox 645 1603 754 1664; x_wconf 90' lang='lat' dir='ltr'><strong>parens</strong></span> <span class='ocrx_word' id='word_1_123' title='bbox 782 1587 813 1645; x_wconf 92' lang='lat' dir='ltr'><strong>in</strong></span> <span class='ocrx_word' id='word_1_124' title='bbox 844 1584 942 1645; x_wconf 92' lang='lat' dir='ltr'><strong>locum</strong></span> <span class='ocrx_word' id='word_1_125' title='bbox 967 1584 1130 1646; x_wconf 89' lang='lat' dir='ltr'><strong>liberorum</strong></span> <span class='ocrx_word' id='word_1_126' title='bbox 1142 1596 1161 1636; x_wconf 77' lang='lat'><strong>1⁵</strong></span> 
     </span>
     <span class='ocr_line' id='line_1_17' title="bbox 116 1674 704 1754; baseline -0.003 -18"><span class='ocrx_word' id='word_1_127' title='bbox 116 1675 273 1754; x_wconf 87' lang='lat' dir='ltr'><strong>adoptasse</strong></span> <span class='ocrx_word' id='word_1_128' title='bbox 298 1675 355 1735; x_wconf 90' lang='lat' dir='ltr'><strong>sibi</strong></span> <span class='ocrx_word' id='word_1_129' title='bbox 378 1675 522 1754; x_wconf 89' lang='lat' dir='ltr'><strong>papulum</strong></span> <span class='ocrx_word' id='word_1_130' title='bbox 544 1674 704 1734; x_wconf 87' lang='lat' dir='ltr'><strong>videretur.</strong></span> 
     </span>
    </p>

    <p class='ocr_par' dir='ltr' id='par_1_5' title="bbox 81 1762 1141 2021">
     <span class='ocr_line' id='line_1_18' title="bbox 81 1762 1131 1842; baseline -0.007 -15"><span class='ocrx_word' id='word_1_131' title='bbox 81 1780 97 1827; x_wconf 83' lang='lat'><strong>6</strong></span> <span class='ocrx_word' id='word_1_132' title='bbox 183 1763 274 1824; x_wconf 92' lang='lat' dir='ltr'><strong>Liber</strong></span> <span class='ocrx_word' id='word_1_133' title='bbox 298 1765 356 1823; x_wconf 92' lang='lat' dir='ltr'><strong>iam</strong></span> <span class='ocrx_word' id='word_1_134' title='bbox 378 1764 448 1823; x_wconf 90' lang='lat' dir='ltr'><strong>hinc</strong></span> <span class='ocrx_word' id='word_1_135' title='bbox 471 1762 598 1842; x_wconf 90' lang='lat' dir='ltr'><strong>populus</strong></span> <span class='ocrx_word' id='word_1_136' title='bbox 621 1762 771 1822; x_wconf 88' lang='lat' dir='ltr'><strong>Romanus</strong></span> <span class='ocrx_word' id='word_1_137' title='bbox 795 1764 891 1841; x_wconf 92' lang='lat' dir='ltr'><strong>prima</strong></span> <span class='ocrx_word' id='word_1_138' title='bbox 914 1762 1059 1822; x_wconf 89' lang='lat' dir='ltr'><strong>adversus</strong></span> <span class='ocrx_word' id='word_1_139' title='bbox 1083 1780 1131 1821; x_wconf 82' lang='lat' dir='ltr'><strong>ex-</strong></span> 
     </span>
     <span class='ocr_line' id='line_1_19' title="bbox 116 1850 1141 1932; baseline -0.002 -20"><span class='ocrx_word' id='word_1_140' title='bbox 116 1860 197 1912; x_wconf 87' lang='lat' dir='ltr'><strong>teros</strong></span> <span class='ocrx_word' id='word_1_141' title='bbox 217 1871 296 1912; x_wconf 91' lang='lat' dir='ltr'><strong>arma</strong></span> <span class='ocrx_word' id='word_1_142' title='bbox 315 1870 370 1932; x_wconf 92' lang='lat' dir='ltr'><strong>pro</strong></span> <span class='ocrx_word' id='word_1_143' title='bbox 389 1851 525 1913; x_wconf 90' lang='lat' dir='ltr'><strong>libertate</strong></span> <span class='ocrx_word' id='word_1_144' title='bbox 545 1853 699 1932; x_wconf 88' lang='lat' dir='ltr'><strong>corripuit,</strong></span> <span class='ocrx_word' id='word_1_145' title='bbox 722 1869 790 1911; x_wconf 87' lang='lat' dir='ltr'><strong>mox</strong></span> <span class='ocrx_word' id='word_1_146' title='bbox 808 1869 863 1930; x_wconf 91' lang='lat' dir='ltr'><strong>pro</strong></span> <span class='ocrx_word' id='word_1_147' title='bbox 882 1850 1003 1931; x_wconf 88' lang='lat' dir='ltr'><strong>linibus,</strong></span> <span class='ocrx_word' id='word_1_148' title='bbox 1024 1850 1141 1910; x_wconf 84' lang='lat' dir='ltr'><strong>deinde.</strong></span> 
     </span>
     <span class='ocr_line' id='line_1_20' title="bbox 116 1938 1131 2021; baseline -0.001 -21"><span class='ocrx_word' id='word_1_149' title='bbox 116 1959 170 2019; x_wconf 93' lang='lat' dir='ltr'><strong>pro</strong></span> <span class='ocrx_word' id='word_1_150' title='bbox 199 1943 302 2021; x_wconf 90' lang='lat' dir='ltr'><strong>sociis,</strong></span> <span class='ocrx_word' id='word_1_151' title='bbox 328 1948 394 2001; x_wconf 93' lang='lat' dir='ltr'><strong>tum</strong></span> <span class='ocrx_word' id='word_1_152' title='bbox 421 1941 514 2019; x_wconf 84' lang='lat' dir='ltr'><strong>gloria</strong></span> <span class='ocrx_word' id='word_1_153' title='bbox 543 1947 573 2000; x_wconf 88' lang='lat' dir='ltr'><strong>et</strong></span> <span class='ocrx_word' id='word_1_154' title='bbox 600 1941 740 2019; x_wconf 92' lang='lat' dir='ltr'><strong>imperio,</strong></span> <span class='ocrx_word' id='word_1_155' title='bbox 768 1938 985 2000; x_wconf 87' lang='lat' dir='ltr'><strong>lacessentibus</strong></span> <span class='ocrx_word' id='word_1_156' title='bbox 1009 1939 1131 1999; x_wconf 90' lang='lat' dir='ltr'><strong>adsidue</strong></span> 
     </span>
    </p>

    <p class='ocr_par' dir='ltr' id='par_1_6' title="bbox 83 2027 1165 2110">
     <span class='ocr_line' id='line_1_21' title="bbox 83 2027 1165 2110; baseline -0.004 -19"><span class='ocrx_word' id='word_1_157' title='bbox 83 2044 97 2092; x_wconf 76' lang='grc'><strong>7</strong></span> <span class='ocrx_word' id='word_1_158' title='bbox 116 2048 211 2109; x_wconf 90' lang='lat' dir='ltr'><strong>usque</strong></span> <span class='ocrx_word' id='word_1_159' title='bbox 236 2049 352 2109; x_wconf 86' lang='lat' dir='ltr'><strong>quaque</strong></span> <span class='ocrx_word' id='word_1_160' title='bbox 371 2031 519 2110; x_wconf 81' lang='lat' dir='ltr'><strong>finitimis3</strong></span> <span class='ocrx_word' id='word_1_161' title='bbox 544 2031 654 2108; x_wconf 88' lang='lat' dir='ltr'><strong>quippe</strong></span> <span class='ocrx_word' id='word_1_162' title='bbox 673 2047 741 2089; x_wconf 90' lang='lat' dir='ltr'><strong>cum</strong></span> <span class='ocrx_word' id='word_1_163' title='bbox 759 2031 836 2107; x_wconf 87' lang='lat' dir='ltr'><strong>patri</strong></span> <span class='ocrx_word' id='word_1_164' title='bbox 856 2027 912 2088; x_wconf 89' lang='lat' dir='ltr'><strong>soli</strong></span> <span class='ocrx_word' id='word_1_165' title='bbox 930 2027 1034 2106; x_wconf 85' lang='lat' dir='ltr'><strong>glaeba</strong></span> <span class='ocrx_word' id='word_1_166' title='bbox 1053 2027 1131 2089; x_wconf 89' lang='lat' dir='ltr'><strong>nulla</strong></span> <span class='ocrx_word' id='word_1_167' title='bbox 1144 2041 1165 2080; x_wconf 76' lang='lat'><strong>2⁰</strong></span> 
     </span>
    </p>
   </div>
   <div class='ocr_carea' id='block_1_3' title="bbox 115 2268 1137 3621">
    <p class='ocr_par' dir='ltr' id='par_1_7' title="bbox 115 2268 1137 3621">
     <span class='ocr_line' id='line_1_22' title="bbox 187 2268 1131 2341; baseline -0.003 -17"><span class='ocrx_word' id='word_1_168' title='bbox 187 2273 208 2324; x_wconf 95' lang='grc' dir='ltr'><em>Ι</em></span> <span class='ocrx_word' id='word_1_169' title='bbox 224 2276 238 2323; x_wconf 90' lang='grc'><strong>1</strong></span> <span class='ocrx_word' id='word_1_170' title='bbox 259 2269 417 2340; x_wconf 85' lang='lat' dir='ltr'><strong>appellauit</strong></span> <span class='ocrx_word' id='word_1_171' title='bbox 431 2272 522 2340; x_wconf 80' lang='lat' dir='ltr'><strong>(prior</strong></span> <span class='ocrx_word' id='word_1_172' title='bbox 536 2289 554 2338; x_wconf 89' lang='lat' dir='ltr'><strong>p</strong></span> <span class='ocrx_word' id='word_1_173' title='bbox 568 2286 655 2339; x_wconf 75' lang='lat' dir='ltr'><strong>snpra</strong></span> <span class='ocrx_word' id='word_1_174' title='bbox 668 2272 747 2341; x_wconf 75' lang='lat' dir='ltr'><strong>aeas.)</strong></span> <span class='ocrx_word' id='word_1_175' title='bbox 762 2269 788 2322; x_wconf 92' lang='grc' dir='ltr'>Β</span> <span class='ocrx_word' id='word_1_176' title='bbox 802 2271 812 2339; x_wconf 94' lang='grc'><strong>11</strong></span> <span class='ocrx_word' id='word_1_177' title='bbox 826 2274 841 2322; x_wconf 78' lang='grc'><strong>1</strong></span> <span class='ocrx_word' id='word_1_178' title='bbox 858 2284 887 2322; x_wconf 88' lang='lat' dir='ltr'><strong>se</strong></span> <span class='ocrx_word' id='word_1_179' title='bbox 902 2285 952 2324; x_wconf 85' lang='lat' dir='ltr'><strong>om.</strong></span> <span class='ocrx_word' id='word_1_180' title='bbox 964 2268 993 2323; x_wconf 99' lang='lat' dir='ltr'><strong><em>A</em></strong></span> <span class='ocrx_word' id='word_1_181' title='bbox 1006 2275 1072 2324; x_wconf 77' lang='lat' dir='ltr'><strong>ante</strong></span> <span class='ocrx_word' id='word_1_182' title='bbox 1087 2269 1131 2322; x_wconf 88' lang='lat' dir='ltr'><strong>de-</strong></span> 
     </span>
     <span class='ocr_line' id='line_1_23' title="bbox 115 2338 1133 2411; baseline -0.003 -16"><span class='ocrx_word' id='word_1_183' title='bbox 115 2343 182 2396; x_wconf 85' lang='lat' dir='ltr'><strong>bere</strong></span> <span class='ocrx_word' id='word_1_184' title='bbox 201 2343 265 2396; x_wconf 87' lang='lat' dir='ltr'><strong>add.</strong></span> <span class='ocrx_word' id='word_1_185' title='bbox 285 2341 418 2397; x_wconf 79' lang='lat' dir='ltr'><strong>Halmius</strong></span> <span class='ocrx_word' id='word_1_186' title='bbox 435 2345 445 2411; x_wconf 95' lang='grc'><strong>11</strong></span> <span class='ocrx_word' id='word_1_187' title='bbox 464 2347 480 2394; x_wconf 85' lang='grc'><strong>3</strong></span> <span class='ocrx_word' id='word_1_188' title='bbox 499 2339 627 2394; x_wconf 82' lang='lat' dir='ltr'><strong>libertati</strong></span> <span class='ocrx_word' id='word_1_189' title='bbox 648 2341 672 2394; x_wconf 92' lang='grc' dir='ltr'>Β</span> <span class='ocrx_word' id='word_1_190' title='bbox 689 2343 693 2407; x_wconf 96' lang='grc'><strong>1</strong></span> <span class='ocrx_word' id='word_1_191' title='bbox 709 2340 869 2394; x_wconf 81' lang='lat' dir='ltr'><strong>incenserat</strong></span> <span class='ocrx_word' id='word_1_192' title='bbox 887 2340 915 2394; x_wconf 98' lang='grc' dir='ltr'>Β</span> <span class='ocrx_word' id='word_1_193' title='bbox 933 2338 1133 2394; x_wconf 81' lang='lat' dir='ltr'><strong>intercesserat</strong></span> 
     </span>
     <span class='ocr_line' id='line_1_24' title="bbox 116 2409 1132 2481; baseline -0.003 -15"><span class='ocrx_word' id='word_1_194' title='bbox 116 2413 186 2480; x_wconf 85' lang='grc'><strong>114</strong></span> <span class='ocrx_word' id='word_1_195' title='bbox 205 2413 288 2466; x_wconf 85' lang='lat' dir='ltr'><strong>flatus</strong></span> <span class='ocrx_word' id='word_1_196' title='bbox 307 2415 339 2467; x_wconf 80' lang='lat' dir='ltr'><strong>ia</strong></span> <span class='ocrx_word' id='word_1_197' title='bbox 358 2415 448 2466; x_wconf 85' lang='lat' dir='ltr'><strong>status</strong></span> <span class='ocrx_word' id='word_1_198' title='bbox 466 2420 533 2467; x_wconf 84' lang='lat' dir='ltr'><strong>mat.</strong></span> <span class='ocrx_word' id='word_1_199' title='bbox 548 2412 589 2466; x_wconf 79' lang='grc' dir='ltr'><strong>Β1</strong></span> <span class='ocrx_word' id='word_1_200' title='bbox 606 2414 610 2481; x_wconf 94' lang='grc'><strong>1</strong></span> <span class='ocrx_word' id='word_1_201' title='bbox 627 2414 740 2480; x_wconf 82' lang='lat' dir='ltr'><strong>caperet</strong></span> <span class='ocrx_word' id='word_1_202' title='bbox 753 2412 781 2464; x_wconf 94' lang='grc' dir='ltr'>Β</span> <span class='ocrx_word' id='word_1_203' title='bbox 798 2414 801 2480; x_wconf 95' lang='grc'><strong>1</strong></span> <span class='ocrx_word' id='word_1_204' title='bbox 817 2409 935 2465; x_wconf 85' lang='lat' dir='ltr'><strong>lucretia</strong></span> <span class='ocrx_word' id='word_1_205' title='bbox 954 2412 1105 2479; x_wconf 79' lang='lat' dir='ltr'><strong>(posterior</strong></span> <span class='ocrx_word' id='word_1_206' title='bbox 1119 2426 1132 2463; x_wconf 91' lang='lat' dir='ltr'><strong>e</strong></span> 
     </span>
     <span class='ocr_line' id='line_1_25' title="bbox 116 2480 1132 2553; baseline -0.003 -16"><span class='ocrx_word' id='word_1_207' title='bbox 116 2489 236 2538; x_wconf 85' lang='lat' dir='ltr'><strong>carrecta</strong></span> <span class='ocrx_word' id='word_1_208' title='bbox 254 2500 288 2539; x_wconf 84' lang='lat' dir='ltr'><strong>ea</strong></span> <span class='ocrx_word' id='word_1_209' title='bbox 307 2500 324 2537; x_wconf 87' lang='lat' dir='ltr'><strong>a</strong></span> <span class='ocrx_word' id='word_1_210' title='bbox 342 2502 376 2538; x_wconf 84' lang='lat' dir='ltr'><strong>m.</strong></span> <span class='ocrx_word' id='word_1_211' title='bbox 397 2486 423 2553; x_wconf 90' lang='lat'><strong>1)</strong></span> <span class='ocrx_word' id='word_1_212' title='bbox 441 2484 470 2537; x_wconf 92' lang='grc' dir='ltr'>Β</span> <span class='ocrx_word' id='word_1_213' title='bbox 486 2485 490 2552; x_wconf 94' lang='grc'><strong>1</strong></span> <span class='ocrx_word' id='word_1_214' title='bbox 506 2482 642 2537; x_wconf 82' lang='lat' dir='ltr'><strong>lucretiae</strong></span> <span class='ocrx_word' id='word_1_215' title='bbox 660 2481 794 2536; x_wconf 85' lang='lat' dir='ltr'><strong>meritum</strong></span> <span class='ocrx_word' id='word_1_216' title='bbox 813 2499 863 2537; x_wconf 85' lang='lat' dir='ltr'><strong>am.</strong></span> <span class='ocrx_word' id='word_1_217' title='bbox 885 2481 932 2551; x_wconf 79' lang='grc'><strong>011</strong></span> <span class='ocrx_word' id='word_1_218' title='bbox 951 2485 968 2534; x_wconf 86' lang='grc'><strong>6</strong></span> <span class='ocrx_word' id='word_1_219' title='bbox 987 2480 1132 2551; x_wconf 80' lang='lat' dir='ltr'><strong>abrogatis</strong></span> 
     </span>
     <span class='ocr_line' id='line_1_26' title="bbox 117 2551 1135 2623; baseline -0.002 -15"><span class='ocrx_word' id='word_1_220' title='bbox 117 2554 151 2608; x_wconf 91' lang='lat' dir='ltr'><strong><em>N</em></strong></span> <span class='ocrx_word' id='word_1_221' title='bbox 170 2557 174 2623; x_wconf 94' lang='grc'><strong>1</strong></span> <span class='ocrx_word' id='word_1_222' title='bbox 197 2554 295 2608; x_wconf 87' lang='lat' dir='ltr'><strong>urbem</strong></span> <span class='ocrx_word' id='word_1_223' title='bbox 313 2555 380 2610; x_wconf 98' lang='lat' dir='ltr'><strong>AN</strong></span> <span class='ocrx_word' id='word_1_224' title='bbox 399 2559 403 2622; x_wconf 94' lang='grc'><strong>1</strong></span> <span class='ocrx_word' id='word_1_225' title='bbox 429 2553 585 2608; x_wconf 88' lang='lat' dir='ltr'><strong>dimitteret</strong></span> <span class='ocrx_word' id='word_1_226' title='bbox 603 2555 631 2608; x_wconf 95' lang='grc' dir='ltr'>Β</span> <span class='ocrx_word' id='word_1_227' title='bbox 653 2555 657 2622; x_wconf 96' lang='grc'><strong>1</strong></span> <span class='ocrx_word' id='word_1_228' title='bbox 681 2552 788 2607; x_wconf 78' lang='lat' dir='ltr'><strong>oratius</strong></span> <span class='ocrx_word' id='word_1_229' title='bbox 807 2554 834 2607; x_wconf 90' lang='lat' dir='ltr'><strong><em>A</em></strong></span> <span class='ocrx_word' id='word_1_230' title='bbox 852 2551 981 2607; x_wconf 83' lang='lat' dir='ltr'><strong>horatius</strong></span> <span class='ocrx_word' id='word_1_231' title='bbox 1000 2551 1030 2622; x_wconf 83' lang='lat' dir='ltr'><strong>(h</strong></span> <span class='ocrx_word' id='word_1_232' title='bbox 1049 2569 1135 2622; x_wconf 78' lang='lat' dir='ltr'><strong>supra</strong></span> 
     </span>
     <span class='ocr_line' id='line_1_27' title="bbox 116 2622 1135 2695; baseline -0.004 -15"><span class='ocrx_word' id='word_1_233' title='bbox 116 2642 182 2680; x_wconf 80' lang='lat' dir='ltr'><strong>aas.</strong></span> <span class='ocrx_word' id='word_1_234' title='bbox 199 2643 233 2681; x_wconf 77' lang='lat' dir='ltr'><strong>aa.</strong></span> <span class='ocrx_word' id='word_1_235' title='bbox 249 2628 276 2695; x_wconf 90' lang='lat'><strong>1)</strong></span> <span class='ocrx_word' id='word_1_236' title='bbox 291 2626 325 2678; x_wconf 88' lang='lat' dir='ltr'><em>N</em></span> <span class='ocrx_word' id='word_1_237' title='bbox 338 2624 482 2679; x_wconf 78' lang='lat' dir='ltr'><strong>harterius</strong></span> <span class='ocrx_word' id='word_1_238' title='bbox 496 2626 523 2679; x_wconf 98' lang='lat' dir='ltr'><strong><em>L</em></strong></span> <span class='ocrx_word' id='word_1_239' title='bbox 536 2627 545 2693; x_wconf 92' lang='grc'><strong>11</strong></span> <span class='ocrx_word' id='word_1_240' title='bbox 561 2629 575 2677; x_wconf 77' lang='lat' dir='ltr'><strong>t</strong></span> <span class='ocrx_word' id='word_1_241' title='bbox 594 2640 629 2678; x_wconf 86' lang='lat' dir='ltr'><strong>ex</strong></span> <span class='ocrx_word' id='word_1_242' title='bbox 643 2630 706 2678; x_wconf 82' lang='lat' dir='ltr'><strong>ante</strong></span> <span class='ocrx_word' id='word_1_243' title='bbox 721 2639 829 2677; x_wconf 89' lang='lat' dir='ltr'><strong>summo</strong></span> <span class='ocrx_word' id='word_1_244' title='bbox 843 2625 909 2678; x_wconf 82' lang='lat' dir='ltr'><strong>add.</strong></span> <span class='ocrx_word' id='word_1_245' title='bbox 926 2622 967 2692; x_wconf 80' lang='grc'><strong>01</strong></span> <span class='ocrx_word' id='word_1_246' title='bbox 984 2623 1135 2677; x_wconf 79' lang='lat' dir='ltr'><strong>emmissus</strong></span> 
     </span>
     <span class='ocr_line' id='line_1_28' title="bbox 117 2693 1134 2766; baseline -0.001 -17"><span class='ocrx_word' id='word_1_247' title='bbox 117 2697 143 2749; x_wconf 92' lang='grc' dir='ltr'>Β</span> <span class='ocrx_word' id='word_1_248' title='bbox 158 2695 273 2750; x_wconf 85' lang='lat' dir='ltr'><strong>annisus</strong></span> <span class='ocrx_word' id='word_1_249' title='bbox 284 2697 337 2750; x_wconf 91' lang='lat' dir='ltr'><strong>LI</strong></span> <span class='ocrx_word' id='word_1_250' title='bbox 348 2700 352 2766; x_wconf 93' lang='grc'><strong>1</strong></span> <span class='ocrx_word' id='word_1_251' title='bbox 369 2697 530 2766; x_wconf 85' lang='lat' dir='ltr'><strong>eugendum</strong></span> <span class='ocrx_word' id='word_1_252' title='bbox 540 2697 567 2750; x_wconf 92' lang='lat' dir='ltr'><strong><em>B</em></strong></span> <span class='ocrx_word' id='word_1_253' title='bbox 582 2696 585 2765; x_wconf 94' lang='grc'><strong>1</strong></span> <span class='ocrx_word' id='word_1_254' title='bbox 599 2693 727 2749; x_wconf 88' lang='lat' dir='ltr'><strong>liberisI</strong></span> <span class='ocrx_word' id='word_1_255' title='bbox 736 2697 745 2765; x_wconf 96' lang='grc'><strong>11</strong></span> <span class='ocrx_word' id='word_1_256' title='bbox 759 2701 775 2749; x_wconf 90' lang='grc'>8</span> <span class='ocrx_word' id='word_1_257' title='bbox 789 2694 979 2763; x_wconf 80' lang='lat' dir='ltr'><strong>magestatem</strong></span> <span class='ocrx_word' id='word_1_258' title='bbox 989 2695 1017 2748; x_wconf 93' lang='grc' dir='ltr'>Β</span> <span class='ocrx_word' id='word_1_259' title='bbox 1030 2695 1040 2763; x_wconf 92' lang='grc'><strong>1</strong></span> <span class='ocrx_word' id='word_1_260' title='bbox 1054 2699 1071 2748; x_wconf 87' lang='grc'>9</span> <span class='ocrx_word' id='word_1_261' title='bbox 1087 2693 1134 2748; x_wconf 80' lang='lat' dir='ltr'><strong>ed·</strong></span> 
     </span>
     <span class='ocr_line' id='line_1_29' title="bbox 117 2764 1136 2847; baseline -0.002 -27"><span class='ocrx_word' id='word_1_262' title='bbox 117 2783 212 2822; x_wconf 88' lang='lat' dir='ltr'><strong>uersos</strong></span> <span class='ocrx_word' id='word_1_263' title='bbox 231 2770 328 2837; x_wconf 76' lang='lat' dir='ltr'><strong>(supra</strong></span> <span class='ocrx_word' id='word_1_264' title='bbox 346 2784 362 2821; x_wconf 94' lang='lat' dir='ltr'><strong>o</strong></span> <span class='ocrx_word' id='word_1_265' title='bbox 380 2785 415 2821; x_wconf 85' lang='lat' dir='ltr'><strong>m.</strong></span> <span class='ocrx_word' id='word_1_266' title='bbox 434 2773 450 2821; x_wconf 89' lang='lat'><strong><em>1</em></strong></span> <span class='ocrx_word' id='word_1_267' title='bbox 471 2784 530 2836; x_wconf 80' lang='lat' dir='ltr'><strong>pos.</strong></span> <span class='ocrx_word' id='word_1_268' title='bbox 549 2769 578 2836; x_wconf 87' lang='lat' dir='ltr'><strong>v)</strong></span> <span class='ocrx_word' id='word_1_269' title='bbox 597 2768 624 2821; x_wconf 94' lang='grc' dir='ltr'>Β</span> <span class='ocrx_word' id='word_1_270' title='bbox 637 2768 647 2835; x_wconf 94' lang='grc'><strong>11</strong></span> <span class='ocrx_word' id='word_1_271' title='bbox 663 2770 696 2819; x_wconf 88' lang='grc'><strong>10</strong></span> <span class='ocrx_word' id='word_1_272' title='bbox 715 2765 823 2834; x_wconf 89' lang='lat' dir='ltr'><strong>species</strong></span> <span class='ocrx_word' id='word_1_273' title='bbox 841 2766 879 2834; x_wconf 90' lang='grc' dir='ltr'>Ι1</span> <span class='ocrx_word' id='word_1_274' title='bbox 896 2764 965 2819; x_wconf 83' lang='lat' dir='ltr'><strong>artis</strong></span> <span class='ocrx_word' id='word_1_275' title='bbox 984 2764 1136 2847; x_wconf 62' lang='grc' dir='ltr'>1111θωί-</span> 
     </span>
     <span class='ocr_line' id='line_1_30' title="bbox 117 2835 1135 2893; baseline -0.002 -2"><span class='ocrx_word' id='word_1_276' title='bbox 117 2837 195 2891; x_wconf 89' lang='lat' dir='ltr'><strong>nenti</strong></span> <span class='ocrx_word' id='word_1_277' title='bbox 209 2837 288 2892; x_wconf 83' lang='lat' dir='ltr'><strong>aedis</strong></span> <span class='ocrx_word' id='word_1_278' title='bbox 302 2839 330 2893; x_wconf 93' lang='lat' dir='ltr'><strong><em>B</em></strong></span> <span class='ocrx_word' id='word_1_279' title='bbox 345 2838 516 2892; x_wconf 75' lang='lat' dir='ltr'><strong>seminantes</strong></span> <span class='ocrx_word' id='word_1_280' title='bbox 532 2837 616 2892; x_wconf 82' lang='lat' dir='ltr'><strong>aedes</strong></span> <span class='ocrx_word' id='word_1_281' title='bbox 626 2838 667 2891; x_wconf 90' lang='lat' dir='ltr'><strong>B¹</strong></span> <span class='ocrx_word' id='word_1_282' title='bbox 681 2836 830 2892; x_wconf 89' lang='lat' dir='ltr'><strong>eminentis</strong></span> <span class='ocrx_word' id='word_1_283' title='bbox 845 2835 924 2890; x_wconf 81' lang='lat' dir='ltr'><strong>aedis</strong></span> <span class='ocrx_word' id='word_1_284' title='bbox 934 2835 969 2890; x_wconf 91' lang='lat' dir='ltr'><strong><em>N</em></strong></span> <span class='ocrx_word' id='word_1_285' title='bbox 979 2839 1135 2891; x_wconf 80' lang='lat' dir='ltr'><strong>eminentes</strong></span> 
     </span>
     <span class='ocr_line' id='line_1_31' title="bbox 118 2906 1135 2980; baseline -0.002 -18"><span class='ocrx_word' id='word_1_286' title='bbox 118 2910 202 2962; x_wconf 84' lang='lat' dir='ltr'><strong>aedes</strong></span> <span class='ocrx_word' id='word_1_287' title='bbox 214 2910 247 2963; x_wconf 96' lang='lat' dir='ltr'><strong><em>N</em></strong></span> <span class='ocrx_word' id='word_1_288' title='bbox 252 2909 293 2962; x_wconf 65' lang='grc' dir='ltr'><strong>’Β</strong></span> <span class='ocrx_word' id='word_1_289' title='bbox 308 2909 443 2963; x_wconf 88' lang='lat' dir='ltr'><strong>eminenti</strong></span> <span class='ocrx_word' id='word_1_290' title='bbox 457 2909 537 2963; x_wconf 91' lang='lat' dir='ltr'><strong>sedes</strong></span> <span class='ocrx_word' id='word_1_291' title='bbox 553 2911 575 2963; x_wconf 91' lang='lat' dir='ltr'><strong><em>I</em></strong></span> <span class='ocrx_word' id='word_1_292' title='bbox 586 2911 591 2978; x_wconf 94' lang='grc'><strong>1</strong></span> <span class='ocrx_word' id='word_1_293' title='bbox 605 2908 707 2977; x_wconf 81' lang='lat' dir='ltr'><strong>planes</strong></span> <span class='ocrx_word' id='word_1_294' title='bbox 721 2909 749 2961; x_wconf 94' lang='lat' dir='ltr'><strong><em>B</em></strong></span> <span class='ocrx_word' id='word_1_295' title='bbox 765 2908 769 2980; x_wconf 92' lang='grc'><strong>1</strong></span> <span class='ocrx_word' id='word_1_296' title='bbox 786 2906 948 2961; x_wconf 89' lang='lat' dir='ltr'><strong>submisitI</strong></span> <span class='ocrx_word' id='word_1_297' title='bbox 956 2908 966 2976; x_wconf 95' lang='grc'><strong>11</strong></span> <span class='ocrx_word' id='word_1_298' title='bbox 981 2913 1013 2961; x_wconf 93' lang='grc'><strong>11</strong></span> <span class='ocrx_word' id='word_1_299' title='bbox 1028 2906 1135 2962; x_wconf 83' lang='lat' dir='ltr'><strong>fenoris</strong></span> 
     </span>
     <span class='ocr_line' id='line_1_32' title="bbox 117 2978 1136 3049; baseline 0.001 -17"><span class='ocrx_word' id='word_1_300' title='bbox 117 2980 139 3032; x_wconf 95' lang='lat' dir='ltr'><strong><em>I</em></strong></span> <span class='ocrx_word' id='word_1_301' title='bbox 150 2983 154 3047; x_wconf 94' lang='grc'><strong>1</strong></span> <span class='ocrx_word' id='word_1_302' title='bbox 171 2979 245 3033; x_wconf 88' lang='lat' dir='ltr'><strong>cium</strong></span> <span class='ocrx_word' id='word_1_303' title='bbox 263 2982 295 3034; x_wconf 81' lang='lat' dir='ltr'><strong>ia</strong></span> <span class='ocrx_word' id='word_1_304' title='bbox 313 2979 418 3033; x_wconf 89' lang='lat' dir='ltr'><strong>ciuium</strong></span> <span class='ocrx_word' id='word_1_305' title='bbox 432 2987 498 3034; x_wconf 84' lang='lat' dir='ltr'><strong>mat.</strong></span> <span class='ocrx_word' id='word_1_306' title='bbox 513 2981 577 3049; x_wconf 72' lang='lat'>13¹1}</span> <span class='ocrx_word' id='word_1_307' title='bbox 592 2986 625 3033; x_wconf 75' lang='lat'><strong>12</strong></span> <span class='ocrx_word' id='word_1_308' title='bbox 645 2978 694 3047; x_wconf 89' lang='lat' dir='ltr'><strong>qui</strong></span> <span class='ocrx_word' id='word_1_309' title='bbox 711 2995 812 3048; x_wconf 90' lang='lat' dir='ltr'><strong>pecum</strong></span> <span class='ocrx_word' id='word_1_310' title='bbox 827 2978 855 3032; x_wconf 90' lang='lat' dir='ltr'><strong><em>L</em></strong></span> <span class='ocrx_word' id='word_1_311' title='bbox 870 2983 874 3044; x_wconf 92' lang='grc'><strong>1</strong></span> <span class='ocrx_word' id='word_1_312' title='bbox 891 2978 926 3033; x_wconf 89' lang='lat' dir='ltr'><strong>de</strong></span> <span class='ocrx_word' id='word_1_313' title='bbox 941 2984 1005 3048; x_wconf 79' lang='lat' dir='ltr'><strong>post</strong></span> <span class='ocrx_word' id='word_1_314' title='bbox 1022 2978 1136 3033; x_wconf 86' lang='lat' dir='ltr'><strong>studere</strong></span> 
     </span>
     <span class='ocr_line' id='line_1_33' title="bbox 117 3049 1137 3121; baseline -0.002 -16"><span class='ocrx_word' id='word_1_315' title='bbox 117 3052 180 3105; x_wconf 85' lang='lat' dir='ltr'><strong>add.</strong></span> <span class='ocrx_word' id='word_1_316' title='bbox 196 3053 217 3105; x_wconf 88' lang='lat'><em>1</em></span> <span class='ocrx_word' id='word_1_317' title='bbox 226 3054 235 3121; x_wconf 94' lang='grc'><strong>11</strong></span> <span class='ocrx_word' id='word_1_318' title='bbox 251 3057 283 3104; x_wconf 87' lang='grc'>13</span> <span class='ocrx_word' id='word_1_319' title='bbox 297 3051 366 3104; x_wconf 89' lang='lat' dir='ltr'><strong>urbe</strong></span> <span class='ocrx_word' id='word_1_320' title='bbox 381 3053 408 3106; x_wconf 94' lang='grc' dir='ltr'>Β</span> <span class='ocrx_word' id='word_1_321' title='bbox 425 3053 429 3118; x_wconf 93' lang='grc'><strong>1</strong></span> <span class='ocrx_word' id='word_1_322' title='bbox 446 3050 627 3120; x_wconf 89' lang='lat' dir='ltr'><strong>comperisset</strong></span> <span class='ocrx_word' id='word_1_323' title='bbox 641 3052 669 3105; x_wconf 92' lang='grc' dir='ltr'>Β</span> <span class='ocrx_word' id='word_1_324' title='bbox 685 3053 688 3118; x_wconf 94' lang='grc'><strong>1</strong></span> <span class='ocrx_word' id='word_1_325' title='bbox 705 3049 845 3119; x_wconf 78' lang='lat' dir='ltr'><strong>protraxit</strong></span> <span class='ocrx_word' id='word_1_326' title='bbox 861 3050 1009 3119; x_wconf 80' lang='lat' dir='ltr'><strong>(posterior</strong></span> <span class='ocrx_word' id='word_1_327' title='bbox 1021 3066 1038 3102; x_wconf 88' lang='lat' dir='ltr'><strong>r</strong></span> <span class='ocrx_word' id='word_1_328' title='bbox 1050 3066 1137 3119; x_wconf 74' lang='lat' dir='ltr'><strong>ssapra</strong></span> 
     </span>
     <span class='ocr_line' id='line_1_34' title="bbox 116 3121 1137 3192; baseline -0.002 -15"><span class='ocrx_word' id='word_1_329' title='bbox 116 3140 223 3178; x_wconf 84' lang='lat' dir='ltr'><strong>aeream</strong></span> <span class='ocrx_word' id='word_1_330' title='bbox 240 3140 275 3176; x_wconf 84' lang='lat' dir='ltr'><strong>m.</strong></span> <span class='ocrx_word' id='word_1_331' title='bbox 291 3124 318 3191; x_wconf 83' lang='lat'><strong>1)</strong></span> <span class='ocrx_word' id='word_1_332' title='bbox 333 3122 366 3175; x_wconf 96' lang='lat' dir='ltr'><strong><em>N</em></strong></span> <span class='ocrx_word' id='word_1_333' title='bbox 375 3124 385 3192; x_wconf 96' lang='grc'><strong>11</strong></span> <span class='ocrx_word' id='word_1_334' title='bbox 400 3127 433 3175; x_wconf 83' lang='grc'><strong>14</strong></span> <span class='ocrx_word' id='word_1_335' title='bbox 452 3121 581 3176; x_wconf 89' lang='lat' dir='ltr'><strong>contione</strong></span> <span class='ocrx_word' id='word_1_336' title='bbox 600 3123 697 3192; x_wconf 76' lang='lat' dir='ltr'><strong>(supra</strong></span> <span class='ocrx_word' id='word_1_337' title='bbox 715 3137 730 3175; x_wconf 90' lang='lat' dir='ltr'><strong>e</strong></span> <span class='ocrx_word' id='word_1_338' title='bbox 746 3122 858 3192; x_wconf 74' lang='lat' dir='ltr'><strong>airpala</strong></span> <span class='ocrx_word' id='word_1_339' title='bbox 871 3137 940 3190; x_wconf 77' lang='lat' dir='ltr'><strong>qaae</strong></span> <span class='ocrx_word' id='word_1_340' title='bbox 953 3137 983 3173; x_wconf 91' lang='lat' dir='ltr'><strong>m</strong></span> <span class='ocrx_word' id='word_1_341' title='bbox 995 3121 1137 3192; x_wconf 51' lang='lat' dir='ltr'><strong>&amp;madeat</strong></span> 
     </span>
     <span class='ocr_line' id='line_1_35' title="bbox 117 3192 1137 3263; baseline -0.001 -16"><span class='ocrx_word' id='word_1_342' title='bbox 117 3196 206 3263; x_wconf 86' lang='lat' dir='ltr'><strong>erasa)</strong></span> <span class='ocrx_word' id='word_1_343' title='bbox 226 3193 253 3247; x_wconf 89' lang='lat' dir='ltr'><strong><em>L</em></strong></span> <span class='ocrx_word' id='word_1_344' title='bbox 273 3196 277 3262; x_wconf 94' lang='grc'><strong>1</strong></span> <span class='ocrx_word' id='word_1_345' title='bbox 298 3196 328 3247; x_wconf 94' lang='lat' dir='ltr'><strong>et</strong></span> <span class='ocrx_word' id='word_1_346' title='bbox 349 3210 399 3248; x_wconf 85' lang='lat' dir='ltr'><strong>om.</strong></span> <span class='ocrx_word' id='word_1_347' title='bbox 419 3195 447 3248; x_wconf 91' lang='grc' dir='ltr'>Β</span> <span class='ocrx_word' id='word_1_348' title='bbox 468 3197 471 3262; x_wconf 93' lang='grc'><strong>1</strong></span> <span class='ocrx_word' id='word_1_349' title='bbox 493 3193 639 3262; x_wconf 87' lang='lat' dir='ltr'><strong>securique</strong></span> <span class='ocrx_word' id='word_1_350' title='bbox 657 3194 679 3246; x_wconf 85' lang='lat' dir='ltr'><strong><em>I</em></strong></span> <span class='ocrx_word' id='word_1_351' title='bbox 697 3195 706 3261; x_wconf 95' lang='grc'><strong>11</strong></span> <span class='ocrx_word' id='word_1_352' title='bbox 730 3196 763 3246; x_wconf 87' lang='grc'>16</span> <span class='ocrx_word' id='word_1_353' title='bbox 783 3192 935 3261; x_wconf 75' lang='lat' dir='ltr'><strong>adoptasse</strong></span> <span class='ocrx_word' id='word_1_354' title='bbox 958 3193 985 3261; x_wconf 93' lang='lat' dir='ltr'><strong>(e</strong></span> <span class='ocrx_word' id='word_1_355' title='bbox 1002 3208 1039 3247; x_wconf 80' lang='lat' dir='ltr'><strong>ea</strong></span> <span class='ocrx_word' id='word_1_356' title='bbox 1057 3194 1083 3261; x_wconf 89' lang='lat' dir='ltr'><strong>t,</strong></span> <span class='ocrx_word' id='word_1_357' title='bbox 1107 3196 1137 3246; x_wconf 81' lang='lat' dir='ltr'><strong>at</strong></span> 
     </span>
     <span class='ocr_line' id='line_1_36' title="bbox 116 3263 1136 3336; baseline -0.004 -16"><span class='ocrx_word' id='word_1_358' title='bbox 116 3267 233 3336; x_wconf 79' lang='lat' dir='ltr'><strong>videtur,</strong></span> <span class='ocrx_word' id='word_1_359' title='bbox 255 3282 324 3320; x_wconf 84' lang='lat' dir='ltr'><strong>corr.</strong></span> <span class='ocrx_word' id='word_1_360' title='bbox 343 3283 377 3320; x_wconf 85' lang='lat' dir='ltr'><strong>m.</strong></span> <span class='ocrx_word' id='word_1_361' title='bbox 399 3268 425 3333; x_wconf 88' lang='lat'><strong>1)</strong></span> <span class='ocrx_word' id='word_1_362' title='bbox 439 3267 467 3320; x_wconf 91' lang='grc' dir='ltr'>Β</span> <span class='ocrx_word' id='word_1_363' title='bbox 487 3265 637 3319; x_wconf 83' lang='lat' dir='ltr'><strong>edobtesse</strong></span> <span class='ocrx_word' id='word_1_364' title='bbox 651 3265 689 3333; x_wconf 85' lang='grc'><strong>11</strong></span> <span class='ocrx_word' id='word_1_365' title='bbox 705 3263 841 3333; x_wconf 90' lang='lat' dir='ltr'><strong>populum</strong></span> <span class='ocrx_word' id='word_1_366' title='bbox 860 3265 908 3332; x_wconf 88' lang='lat' dir='ltr'><strong>(pu</strong></span> <span class='ocrx_word' id='word_1_367' title='bbox 926 3279 1013 3332; x_wconf 73' lang='lat' dir='ltr'><strong>supra</strong></span> <span class='ocrx_word' id='word_1_368' title='bbox 1031 3279 1136 3319; x_wconf 68' lang='lat' dir='ltr'><strong>aarum</strong></span> 
     </span>
     <span class='ocr_line' id='line_1_37' title="bbox 117 3332 1134 3406; baseline -0.003 -17"><span class='ocrx_word' id='word_1_369' title='bbox 117 3353 151 3389; x_wconf 84' lang='lat' dir='ltr'><strong>m.</strong></span> <span class='ocrx_word' id='word_1_370' title='bbox 169 3338 197 3405; x_wconf 82' lang='lat'><strong>2)</strong></span> <span class='ocrx_word' id='word_1_371' title='bbox 217 3337 251 3391; x_wconf 97' lang='lat' dir='ltr'><strong><em>N</em></strong></span> <span class='ocrx_word' id='word_1_372' title='bbox 269 3338 279 3406; x_wconf 94' lang='grc'><strong>11</strong></span> <span class='ocrx_word' id='word_1_373' title='bbox 302 3342 335 3391; x_wconf 78' lang='grc'><strong>17</strong></span> <span class='ocrx_word' id='word_1_374' title='bbox 361 3335 419 3389; x_wconf 85' lang='lat' dir='ltr'><strong>iem</strong></span> <span class='ocrx_word' id='word_1_375' title='bbox 440 3353 528 3405; x_wconf 75' lang='lat' dir='ltr'><strong>capra</strong></span> <span class='ocrx_word' id='word_1_376' title='bbox 545 3353 651 3392; x_wconf 81' lang='lat' dir='ltr'><strong>aeream</strong></span> <span class='ocrx_word' id='word_1_377' title='bbox 669 3336 734 3389; x_wconf 85' lang='lat' dir='ltr'><strong>add.</strong></span> <span class='ocrx_word' id='word_1_378' title='bbox 753 3333 781 3387; x_wconf 94' lang='lat' dir='ltr'><strong><em>L</em></strong></span> <span class='ocrx_word' id='word_1_379' title='bbox 802 3336 812 3403; x_wconf 93' lang='grc'><strong>11</strong></span> <span class='ocrx_word' id='word_1_380' title='bbox 836 3339 868 3387; x_wconf 87' lang='grc'><strong>19</strong></span> <span class='ocrx_word' id='word_1_381' title='bbox 887 3349 939 3403; x_wconf 88' lang='lat' dir='ltr'><strong>pro</strong></span> <span class='ocrx_word' id='word_1_382' title='bbox 961 3339 1027 3388; x_wconf 76' lang='lat' dir='ltr'><strong>ante</strong></span> <span class='ocrx_word' id='word_1_383' title='bbox 1045 3332 1134 3404; x_wconf 79' lang='lat' dir='ltr'><strong>glorie</strong></span> 
     </span>
     <span class='ocr_line' id='line_1_38' title="bbox 118 3403 1135 3475; baseline -0.003 -16"><span class='ocrx_word' id='word_1_384' title='bbox 118 3407 182 3460; x_wconf 86' lang='lat' dir='ltr'><strong>add.</strong></span> <span class='ocrx_word' id='word_1_385' title='bbox 201 3407 229 3460; x_wconf 90' lang='lat' dir='ltr'><strong><em>L</em></strong></span> <span class='ocrx_word' id='word_1_386' title='bbox 248 3410 297 3462; x_wconf 80' lang='lat' dir='ltr'><strong>aira</strong></span> <span class='ocrx_word' id='word_1_387' title='bbox 315 3414 397 3475; x_wconf 85' lang='lat' dir='ltr'><strong>reete,</strong></span> <span class='ocrx_word' id='word_1_388' title='bbox 420 3426 443 3463; x_wconf 87' lang='lat' dir='ltr'><strong>a.</strong></span> <span class='ocrx_word' id='word_1_389' title='bbox 464 3408 539 3475; x_wconf 90' lang='lat'><strong>111,</strong></span> <span class='ocrx_word' id='word_1_390' title='bbox 554 3412 571 3462; x_wconf 88' lang='grc'><em>7</em></span> <span class='ocrx_word' id='word_1_391' title='bbox 588 3409 592 3475; x_wconf 96' lang='grc'><strong>1</strong></span> <span class='ocrx_word' id='word_1_392' title='bbox 608 3404 757 3474; x_wconf 85' lang='lat' dir='ltr'><strong>imperium</strong></span> <span class='ocrx_word' id='word_1_393' title='bbox 775 3404 983 3459; x_wconf 75' lang='lat' dir='ltr'><strong>lacescentibus</strong></span> <span class='ocrx_word' id='word_1_394' title='bbox 1002 3405 1032 3460; x_wconf 91' lang='lat' dir='ltr'><strong><em>B</em></strong></span> <span class='ocrx_word' id='word_1_395' title='bbox 1048 3408 1052 3475; x_wconf 93' lang='grc'><strong>1</strong></span> <span class='ocrx_word' id='word_1_396' title='bbox 1069 3403 1135 3459; x_wconf 81' lang='lat' dir='ltr'><strong>assi·</strong></span> 
     </span>
     <span class='ocr_line' id='line_1_39' title="bbox 118 3474 1135 3547; baseline 0.002 -20"><span class='ocrx_word' id='word_1_397' title='bbox 118 3474 173 3530; x_wconf 89' lang='lat' dir='ltr'><strong>due</strong></span> <span class='ocrx_word' id='word_1_398' title='bbox 191 3477 218 3530; x_wconf 90' lang='lat' dir='ltr'><strong><em>L</em></strong></span> <span class='ocrx_word' id='word_1_399' title='bbox 241 3480 250 3546; x_wconf 91' lang='grc'><strong>11</strong></span> <span class='ocrx_word' id='word_1_400' title='bbox 274 3483 307 3532; x_wconf 82' lang='lat'><strong>20</strong></span> <span class='ocrx_word' id='word_1_401' title='bbox 331 3478 377 3533; x_wconf 89' lang='lat' dir='ltr'><strong>cui</strong></span> <span class='ocrx_word' id='word_1_402' title='bbox 400 3479 553 3534; x_wconf 77' lang='lat' dir='ltr'><strong>Salmasius</strong></span> <span class='ocrx_word' id='word_1_403' title='bbox 576 3479 581 3546; x_wconf 92' lang='grc'><strong>1</strong></span> <span class='ocrx_word' id='word_1_404' title='bbox 606 3476 693 3547; x_wconf 83' lang='lat' dir='ltr'><strong>patrii</strong></span> <span class='ocrx_word' id='word_1_405' title='bbox 716 3475 898 3545; x_wconf 79' lang='lat' dir='ltr'><strong>(posteriori</strong></span> <span class='ocrx_word' id='word_1_406' title='bbox 924 3492 1013 3546; x_wconf 79' lang='lat' dir='ltr'><strong>supra</strong></span> <span class='ocrx_word' id='word_1_407' title='bbox 1032 3491 1135 3532; x_wconf 68' lang='lat' dir='ltr'><strong>aarum</strong></span> 
     </span>
     <span class='ocr_line' id='line_1_40' title="bbox 116 3547 585 3621; baseline 0.006 -22"><span class='ocrx_word' id='word_1_408' title='bbox 116 3564 149 3602; x_wconf 76' lang='lat' dir='ltr'><strong>are.</strong></span> <span class='ocrx_word' id='word_1_409' title='bbox 164 3550 196 3615; x_wconf 77' lang='lat'><strong>2)</strong></span> <span class='ocrx_word' id='word_1_410' title='bbox 214 3548 249 3601; x_wconf 93' lang='lat' dir='ltr'><strong><em>N</em></strong></span> <span class='ocrx_word' id='word_1_411' title='bbox 261 3549 351 3617; x_wconf 86' lang='lat' dir='ltr'><strong>patrii</strong></span> <span class='ocrx_word' id='word_1_412' title='bbox 370 3550 430 3605; x_wconf 86' lang='lat' dir='ltr'><strong>AL</strong></span> <span class='ocrx_word' id='word_1_413' title='bbox 445 3554 450 3621; x_wconf 96' lang='grc'><strong>1</strong></span> <span class='ocrx_word' id='word_1_414' title='bbox 465 3547 545 3619; x_wconf 82' lang='lat' dir='ltr'><strong>gliba</strong></span> <span class='ocrx_word' id='word_1_415' title='bbox 563 3550 585 3602; x_wconf 97' lang='lat' dir='ltr'><strong><em>I</em></strong></span> 
     </span>
    </p>
   </div>
   <div class='ocr_carea' id='block_1_4' title="bbox 0 0 1181 3922">
    <p class='ocr_par' dir='ltr' id='par_1_8' title="bbox 0 0 1181 3922">
     <span class='ocr_line' id='line_1_41' title="bbox 0 0 1181 3922; baseline 0 0"><span class='ocrx_word' id='word_1_416' title='bbox 0 0 1181 3922; x_wconf 95' lang='lat' dir='ltr'><strong> </strong></span> 
     </span>
    </p>
   </div>
  </div>
 </body>
</html>
