2334 3922
36 188 89 241 nn
342 189 543 255 Perusino
562 189 732 240 annolus

38 357 145 415 afferre
173 355 290 429 studui,
317 356 493 431 praesertim
523 373 592 414 cum
619 355 667 413 hie
694 373 869 414 rasurarum
898 375 960 415 non
983 375 1051 415 eam

37 446 186 504 rationem
217 443 357 503 habuerit
389 462 465 520 quae
498 444 587 503 hodie
614 445 722 503 merito
749 444 924 521 requiritur.
972 465 1052 522 quae

39 534 275 611 emendationeS,
308 552 377 591 oum
403 526 443 591 Bl
476 533 579 592 eodem
609 533 773 610 archetypo
801 552 861 610 quo
889 533 1053 593 librarium

39 642 129 682 usum
151 641 214 681 esse
237 623 299 682 iam
322 624 448 698 constet,
472 621 606 680 dubitari
628 641 688 680 non
710 625 812 698 potest
834 623 908 698 quin
926 624 1054 682 maximi

39 712 130 789 pretii
153 712 223 773 sint.
259 711 416 787 aliquanto
434 711 562 769 rariores
586 714 617 769 et
639 711 762 769 minoris
785 711 877 786 pretii
895 715 968 771 sunt
986 732 1054 772 eor-

2 812 25 850 3²
39 802 186 861 rectiones
208 817 315 859 manus
342 800 446 875 paullo
471 799 645 858 recentioris
668 790 738 880 (B2)
761 803 792 858 et
815 799 852 858 ab
874 799 983 860 Iahnio
1006 802 1049 860 in·

39 891 159 950 terdum
187 907 255 947 eum
281 881 322 946 Β1
345 889 500 966 confusae,
530 906 607 965 quae
636 891 666 947 et
692 889 759 964 ipsa
786 891 884 948 totum
917 890 1053 949 codicem

39 978 238 1055 pertractavit
266 981 297 1036 et
325 978 444 1036 saeculo
472 977 630 1036 undecimo
657 977 707 1037 vel
729 977 906 1037 duodecimo
928 979 1055 1039 ridetur

40 1067 201 1127 tribuenda
220 1084 292 1126 esse.
324 1066 404 1126 hune
422 1067 518 1144 igitur
536 1065 648 1125 librum
667 1066 823 1143 egregium
842 1086 910 1126 cum
926 1067 1054 1127 Iahnius

41 1156 115 1215 satie
138 1155 300 1232 diligenter
322 1156 508 1229 contulisset,
535 1157 637 1213 tamen
659 1155 720 1213 iam
742 1155 882 1215 Halmius
894 1157 960 1233 ‘qui
984 1177 1053 1216 eum

40 1246 78 1303 ad
110 1245 199 1302 illum
231 1245 365 1320 Lipsiam
397 1245 612 1320 apportaverat
642 1243 754 1302 iterum
786 1244 921 1322 inspecto
952 1247 1053 1306 codiee

40 1334 158 1410 aliquot
185 1332 278 1392 bonas
305 1334 449 1393 lectiones
478 1332 515 1391 ab
546 1333 642 1391 amieo
665 1333 818 1410 neglectas
842 1352 906 1392 esse
929 1335 1054 1394 detexit.

39 1441 109 1480 eum
133 1423 211 1481 enim
234 1422 283 1481 hio
306 1423 344 1481 ad
368 1422 506 1482 Seebodii
529 1422 682 1496 exemplar
703 1421 958 1500 Bambergensem
984 1443 1053 1483 eon-

40 1512 170 1586 tulisset,
194 1511 246 1570 sed
269 1511 431 1571 editionem
453 1511 649 1588 Bipontinam
672 1511 863 1588 typographo
885 1513 1052 1589 exprimen-

42 1600 110 1658 dam
142 1599 323 1677 tradidisset,
355 1600 465 1659 accidit
496 1603 533 1658 ut
562 1618 597 1658 ea
627 1618 705 1674 quae
735 1600 797 1657 iam
825 1600 989 1660 Seebodius
1018 1621 1054 1660 ex

41 1689 142 1747 codiee
165 1691 320 1764 receperat
342 1682 697 1769 praetermitterentur1).
725 1688 829 1765 itaque
850 1691 1053 1749 necessarium

42 1780 115 1853 erat,
140 1777 211 1853 quia
229 1777 367 1835 Halmius
390 1778 450 1836 nisi
468 1778 607 1855 graviora
625 1797 685 1837 uon
704 1783 931 1858 memoraverat,
956 1780 1054 1838 denuo

41 1865 153 1924 librum
181 1865 353 1924 examinari.
400 1867 480 1943 quod
508 1885 576 1924 eum
602 1865 754 1944 fecissem,
782 1867 845 1926 alia
872 1887 995 1947 quoque
1024 1869 1055 1926 in

42 1975 77 2014 eo
100 1955 198 2013 inesse
220 1954 284 2015 vidi
302 1974 380 2031 quae
398 1957 527 2031 uterque
547 1954 644 2014 editor
662 1956 845 2034 neglexerat,
870 1975 1056 2034 quamquam

39 2063 101 2102 non
129 2043 230 2121 exigui
257 2044 402 2102 momenti
429 2044 468 2101 ad
496 2044 621 2103 Florum
649 2044 869 2104 emendandum
897 2049 992 2106 erant.
1039 2064 1056 2104 e

43 2132 153 2209 quibus
182 2150 279 2209 pauca
307 2132 381 2192 haec
409 2132 546 2208 exempla
571 2151 749 2208 proponam:
786 2155 815 2209 p.
836 2136 891 2209 37,
916 2137 935 2194 3
964 2133 1056 2193 huius

43 2222 184 2282 editionis
203 2221 375 2280 tureatcaB
394 2225 475 2281 recte
493 2220 601 2280 habuit
620 2222 700 2298 quod
718 2215 758 2280 Bl
776 2223 808 2281 in
827 2227 970 2282 terentem
987 2242 1058 2281 mu-

43 2311 134 2387 tavit,
170 2332 199 2387 p.
219 2313 274 2389 39,
300 2313 340 2370 18
364 2311 451 2370 clitus
474 2313 520 2370 est
543 2311 575 2368 in
597 2311 623 2369 B
650 2330 710 2369 non
737 2313 846 2389 olttwm,
871 2315 909 2371 ut
930 2311 1056 2370 Iahnius

43 2399 172 2475 putabat
196 2400 248 2476 qui
266 2419 281 2459 s
299 2401 458 2476 parvulam
477 2419 569 2476 supra
586 2419 607 2458 a
625 2400 756 2475 positam
775 2419 844 2459 eum
861 2401 915 2459 illo
933 2401 1057 2459 litterae

42 2507 73 2546 ra
96 2488 270 2563 compendio
295 2489 445 2564 confudit3
477 2509 506 2564 p.
526 2491 583 2564 42,
609 2490 649 2546 14
673 2492 755 2548 teau
782 2493 879 2548 tamea
902 2492 949 2549 est
975 2489 1008 2547 in
1031 2489 1057 2548 B

43 2595 104 2635 non
127 2581 224 2635 tumen
246 2581 342 2651 tantm
378 2598 407 2653 p.
427 2579 482 2654 83,
509 2579 548 2636 17
573 2579 776 2652 pauperrimis
798 2578 824 2636 B
847 2577 973 2655 praebet
995 2598 1058 2638 non

38 2667 236 2741 pauperum
261 2687 290 2741 p.
312 2668 384 2742 101,
405 2669 423 2724 2
446 2667 563 2739 imperit
584 2666 707 2725 babebat
728 2667 754 2725 B
777 2686 837 2726 nou
858 2668 982 2727 babebat
1004 2670 1059 2726 tm-

38 2756 132 2830 perta,
155 2774 184 2829 p.
202 2755 273 2832 104,
294 2757 312 2812 2
332 2755 399 2814 loco
419 2773 437 2813 a
454 2755 545 2814 tineis
564 2773 650 2814 exeso
670 2759 731 2814 tres
750 2756 872 2816 litterae
890 2757 1059 2834 perierunt,

44 2864 257 2873 .-—-——

117 2925 143 2993 1)
161 2941 186 2976 v.
209 2921 274 2975 ‘Iuli
291 2921 368 2976 Flori
387 2922 528 2994 epitomae
545 2922 612 2977 libri
631 2924 685 2978 duo
704 2941 796 2995 recog.
816 2924 930 2979 Carolus
950 2925 1059 2995 Halm’‚

45 2992 374 3067 LipsiaeMDCCCLXHI
383 2994 464 3065 plll.
480 2997 604 3048 ceterum
617 2994 771 3065 gloriamur
784 3013 859 3050 nune
873 2995 1060 3068 diplomatica

45 3067 96 3121 illa
114 3083 171 3134 qua
188 3063 256 3118 libri
272 3081 358 3118 manu
377 3064 475 3136 scripti
494 3065 614 3120 conferri
633 3066 743 3121 soleant
762 3067 919 3137 diligentia,
939 3068 990 3122 sed
1004 3068 1061 3122 hae

45 3139 75 3192 in
93 3155 123 3192 re
142 3152 253 3192 omnem
271 3138 395 3189 aetatem
412 3136 505 3207 priore
523 3137 659 3191 maiorem
677 3155 773 3192 curam
792 3138 927 3193 adhibere
942 3139 1060 3194 sensim-

46 3226 100 3277 que
119 3226 182 3263 eam
201 3208 313 3261 auctam
337 3223 397 3261 esse
420 3225 483 3261 cum
502 3207 559 3262 alia
582 3208 685 3263 docent
709 3211 769 3262 tum
787 3209 949 3265 Ruhnkenii
972 3211 1062 3264 verba

45 3281 77 3333 in
99 3277 274 3349 praefatione
297 3277 411 3349 Apuleii
434 3278 665 3348 Oudendorpiani
687 3280 742 3335 vol.
761 3281 782 3349 I,
809 3300 836 3350 p.
855 3281 906 3336 IX:
935 3281 1061 3336 ‘Ouden-

47 3351 161 3419 dorpius
180 3350 210 3403 in
228 3349 282 3403 hac
300 3366 410 3418 quoque
430 3349 581 3405 collatione
602 3350 684 3405 illam
702 3350 889 3421 diligentiam,
909 3370 966 3420 qua
984 3370 1061 3407 nune

46 3420 138 3476 critici
164 3423 273 3475 veteres
300 3421 478 3474 membranas
507 3421 665 3492 excutiunt,
693 3421 845 3491 aliquando
875 3423 1005 3492 requirit'
1032 3427 1062 3479 et

46 3512 73 3563 p.
88 3493 175 3561 qu.:
210 3491 295 3545 ‘tanti
321 3491 353 3544 in
379 3491 433 3545 hac
456 3491 591 3546 librorum
615 3493 824 3565 comparatione
847 3495 933 3550 refert
955 3495 1060 3563 quibus

46 3564 135 3618 oculis
156 3565 184 3617 et
203 3579 288 3630 quam
307 3562 396 3617 otiose
415 3580 474 3617 rem
488 3564 578 3633 agae’.
