2334 3922
72 172 187 226 XLVIII
381 174 581 226 PRAEFATIO
600 173 771 224 EDITORIS

73 343 212 401 bellorum
233 341 362 398 manium
384 340 422 398 iis
443 358 521 416 quae
539 339 651 398 ibidem
669 340 815 416 leguntur
832 343 947 399 tontum
965 358 1022 414 opo

67 449 145 506 poco
175 431 302 503 belloque
329 431 419 502 pessit
447 429 546 486 minus
572 420 814 509 respondeant1).
860 429 978 488 accedit
1006 451 1022 507 q

73 521 106 578 in
119 518 338 594 subscriptione
351 517 423 576 libri
441 518 533 595 primi
551 518 612 576 illis
630 536 691 576 non
709 517 820 576 additis
838 517 946 577 eadem
962 538 1022 595 pra

72 608 238 669 levidensia
265 607 413 683 quaedam
441 609 488 665 est
514 607 547 664 in
573 607 599 664 B
626 606 712 665 tituli
738 606 835 666 forma
862 609 955 683 atque
989 608 1021 666 in

73 701 205 774 cpytomo
226 696 290 755 Ioci
310 695 398 754 Florc'
420 696 456 754 dc
479 695 544 753 Tito
566 695 662 753 Livio.
707 699 813 754 contra
835 698 977 770 epitomae
998 719 1022 759 v.

73 786 145 846 bulo
177 785 243 845 fieri
273 785 376 861 potuit
407 788 444 843 ut
469 784 577 843 Florus
606 785 672 860 ipse
703 787 850 862 uteretur,
883 805 953 844 oum
985 806 1022 848 ve

73 873 284 952 praefationis:
306 875 375 946 Ipso
397 874 454 932 sibi
475 874 569 932 obstat
589 874 794 946 mopoitudo
817 892 973 947 roremque
991 877 1022 934 di

73 968 143 1024 titos
165 965 257 1022 coion
277 964 445 1021 intentionis
467 964 617 1035 abrumpit
638 965 670 1020 et
690 964 724 1019 ia
746 964 843 1022 brcoo‘
866 966 954 1037 quasi
982 967 1022 1024 tol

73 1058 163 1113 totam
181 1054 244 1112 otim
258 1053 415 1124 tropicum
428 1053 586 1124 amplector
599 1053 670 1127 apte
685 1051 956 1112 circumscribatur.
990 1074 1022 1113 ne

73 1162 145 1204 vero
174 1140 349 1218 negaverim
374 1139 453 1198 illud
474 1140 513 1199 ab
537 1140 642 1198 eodem
665 1140 718 1216 qui
740 1139 821 1200 Livii
842 1160 953 1200 nomen
981 1143 1022 1202 int

73 1230 153 1290 adici
179 1229 322 1306 potuisse.
370 1247 463 1305 quare
490 1227 648 1287 fatendum
676 1231 721 1287 est
749 1229 912 1306 genuinam
939 1231 1014 1290 libri

74 1319 267 1395 scriptionem
294 1317 380 1376 nobis
407 1318 543 1396 ignotam
570 1336 634 1376 esse
662 1322 694 1376 et
721 1318 903 1378 coniecturis
926 1320 980 1380 vix
1001 1341 1022 1379 r<

72 1409 174 1486 perari
199 1426 296 1485 posse.
328 1426 399 1465 nam
422 1425 606 1484 quamquam
634 1425 670 1465 ea
698 1425 789 1485 quam
817 1408 933 1467 Titzius
962 1411 1022 1470 edit

73 1517 146 1559 suae
181 1487 408 1578 praeposuit²):
450 1497 588 1570 epitomae
623 1513 723 1554 rorum
753 1496 960 1556 Romanorum
997 1499 1022 1557 h:

74 1587 184 1666 quibus
208 1586 433 1646 commendetur
460 1587 492 1644 et
513 1585 597 1644 Flori
623 1584 719 1662 ipsius
747 1585 848 1645 verbis
872 1587 965 1645 etiam
988 1609 1022 1646 m:

74 1677 149 1735 haec
171 1676 270 1734 forma
291 1674 466 1750 respondet:
495 1675 634 1747 epitomem
659 1692 758 1733 rerum
781 1693 801 1733 o
818 1676 929 1749 populo
952 1677 1022 1736 Rom

72 1769 221 1839 postorum
243 1765 311 1822 libri
327 1763 376 1831 II,
399 1765 502 1823 tamen
524 1782 579 1839 pro
603 1762 693 1822 certis
716 1766 770 1822 aut
792 1764 1010 1825 verisimilibus

75 1853 230 1914 venditare
244 1871 304 1911 non
323 1843 461 1933 ausim³).
480 1851 533 1911 sed
551 1852 647 1911 multo
666 1852 764 1911 minus
783 1852 950 1928 probabilis
969 1855 1022 1914 illa

76 1961 168 2020 quem
180 1941 218 2001 H.
232 1941 397 2000 Muellerus
412 1931 453 2021 (v.
468 1961 496 2016 p.
511 1931 545 2022 1)
564 1959 601 1999 ex
619 1941 731 2001 scholio
750 1942 789 2000 ad
808 1941 967 2001 Lucanum
982 1945 1007 1998 V

76 2024 127 2113 (of.
146 2031 206 2090 VII
225 2020 304 2110 470)
326 2028 424 2088 finxit:
447 2031 569 2088 historio
587 2030 726 2089 bellorum
743 2033 873 2090 oamiwm
892 2022 957 2112 (vel
976 2034 1023 2093 col

74 2120 242 2198 Augustini
270 2119 336 2178 loco
360 2119 396 2178 de
419 2119 475 2178 civ.
499 2118 548 2176 dei
570 2118 617 2177 ΠΙ
638 2122 678 2179 19
702 2115 917 2199 Romanorum)
942 2140 1022 2182 amco

74 2209 165 2270 Duo,
188 2228 257 2268 oum
281 2208 360 2266 enim
383 2207 447 2267 illic
466 2205 602 2267 Caesaris
621 2208 776 2267 dictatoris
796 2209 834 2266 ad
853 2208 1022 2286 gubernato

74 2319 145 2361 vox:
178 2299 248 2373 quid
266 2297 367 2357 times?
401 2295 556 2356 caesarem
578 2296 657 2355 oebis
680 2290 723 2379 (p.
744 2300 816 2376 144,
837 2290 893 2379 21)
916 2298 965 2359 his
988 2320 1022 2360 ve

75 2390 337 2447 commemoretur:
374 2388 407 2445 io
441 2386 564 2444 historio
599 2386 703 2459 lcpitor
738 2388 781 2445 sic
811 2405 898 2461 saepo
932 2387 1022 2449 Caeso

72 2477 260 2550 poborootori
282 2476 400 2543 dixisse,
424 2473 499 2533 nihil
522 2473 606 2532 aliud
629 2474 767 2551 sequitur
788 2476 848 2535 nisi
869 2480 906 2536 ut
924 2478 1021 2539 scholi

150 2699 175 2764 1)
194 2696 314 2751 fortasse
333 2696 369 2750 ab
389 2696 487 2750 eodem
506 2695 555 2764 qui
574 2695 699 2766 capitum
716 2695 913 2766 inscriptiones
929 2715 1022 2771 comp(

76 2769 189 2893 ρὲθῒῗῐ
209 2767 393 2892 ραυξίεείῑηαε
412 2784 445 2890 1:31
457 2767 596 2848 vocabulo
620 2769 718 2892 ᾂεῑῑυηῖ
738 2767 906 2894 ίηοίρὶῗιῖξθε
930 2769 982 2825 illa
1000 2789 1022 2826 v¹

76 2855 287 2980 (siuaeeclaoffis
305 2855 1022 2980 RbInninusoprilosccllbglelogoleiuzebsgrliatorieiffitqurbemq

75 2982 305 3123 pmfigIh‘IIIorus
328 3052 371 3106 ed.
390 3051 419 3105 F.
434 3051 469 3108 N.
484 3051 589 3121 Titze’,
612 3052 721 3122 Pragae
741 3058 809 3107 1819
833 3055 862 3108 et
881 3053 1009 3110 eiusdem

77 3124 213 3180 eitomes
241 3139 333 3177 rerum
359 3123 560 3192 Romanarum,
593 3140 666 3193 quae
698 3124 749 3178 sub
777 3124 888 3180 nomine
915 3126 945 3180 L.
974 3127 1022 3181 An

114 3196 155 3251 ori
178 3194 237 3250 sive
257 3194 378 3249 Senecae
402 3194 503 3264 fertur,
529 3197 623 3249 aetate
641 3195 869 3265 probabilissima
886 3213 952 3252 vero
972 3215 1022 3253 auo

79 3267 170 3338 operis
194 3265 313 3335 antique
335 3265 425 3320 forme
447 3266 644 3334 quaestionum
666 3283 802 3321 novarum
824 3267 890 3321 libri
908 3269 970 3339 ΠΡ,
995 3269 1022 3324 Li

81 3344 177 3479 18045)
197 3411 308 3464 constat
320 3407 458 3463 Prisciani
470 3408 632 3464 testimonio
646 3411 772 3479 (gramm.
787 3409 848 3464 Lat.
858 3411 898 3465 III
912 3429 939 3480 p.
950 3417 1012 3482 482,

80 3479 230 3549 ornato,
246 3485 279 3534 18
299 3482 327 3535 et
345 3478 447 3549 Apulei
465 3480 522 3536 flor.
539 3485 562 3550 9,
578 3486 625 3553 3⁷3
644 3487 686 3549 20,
702 3484 747 3551 98)
765 3482 802 3546 ab
820 3481 940 3552 Apuleio
955 3486 1022 3553 cpite

76 3552 256 3606 historiarum
274 3550 364 3605 editas
384 3567 451 3606 esse.

731 3756 802 3867 ‘x
