2334 3922
374 166 576 218 PRAEFATIO
594 166 764 218 amoma
1039 162 1075 216 LI

57 336 234 396 flammatus
267 333 331 393 eius
362 332 469 392 laudes
501 333 609 391 molius
642 336 674 392 et
707 333 875 410 elegantius
910 331 1076 392 celebrarit

56 443 151 502 quam
176 423 231 482 alii
252 421 357 494 multi3
381 424 471 481 etex
494 421 679 499 gravissimis
703 440 782 498 quae
804 422 848 480 illi
869 421 1075 481 obiciebantur

55 513 208 574 nonnulla
230 512 318 571 velut
338 509 370 568 id
392 509 474 587 quod
496 509 643 570 Graevius
665 510 696 570 Π
716 514 744 588 6,
766 513 805 570 12
830 509 992 588 legendum
1010 528 1074 569 esse

56 601 191 679 putabat
216 600 506 672 macarianae
526 617 584 673 per
610 600 737 658 mediam
765 601 852 658 ettam
873 599 974 658 arbem
996 601 1076 657 oium

56 694 126 765 sctit
148 690 212 750 iam
234 689 380 748 librorum
398 688 461 747 BN
480 688 592 748 auxilio
612 688 770 748 emendata
794 691 873 748 sunt,
901 687 957 746 bac
980 687 1076 764 igitur

56 780 207 858 imprimis
228 777 377 854 epitomae
394 776 519 854 virtute,
538 777 577 836 ad
596 796 687 855 quam
708 779 805 836 altera
818 776 980 837 accedebat
995 775 1076 853 quod

57 874 130 947 apta
162 871 195 927 et
221 868 297 927 scite
327 865 462 942 priorum
485 866 698 926 historicorum
720 884 848 944 magnae
872 865 960 925 molis
984 883 1076 941 opera

56 961 102 1018 ita
121 958 154 1017 in
169 955 293 1017 brevius
307 957 463 1015 contracta
481 959 553 1014 sunt
570 959 606 1014 ut
623 955 777 1033 gravmres
796 973 845 1014 res
863 973 959 1031 paene
973 971 1075 1013 omnes

57 1047 275 1118 memorentur,
298 1045 437 1104 effectum
456 1047 503 1103 est
523 1047 559 1104 ut
580 1062 636 1121 per
657 1046 754 1104 totam
778 1044 994 1121 antiquitatem
1016 1043 1074 1101 fro-

57 1135 257 1214 quentissime
297 1137 329 1193 ot
363 1134 518 1210 legeretur
555 1136 586 1192 et
617 1132 837 1193 describeretur
869 1151 964 1209 eaque
997 1150 1075 1209 quae

56 1227 152 1303 vulgo
183 1223 221 1283 de
247 1223 361 1299 populo
390 1225 483 1299 atque
510 1222 637 1298 imperio
660 1222 795 1282 Romano
822 1240 920 1300 usque
950 1221 989 1280 ad
1011 1220 1075 1279 Au·

57 1314 218 1392 guatinum
251 1314 282 1371 et
314 1310 454 1371 Orosium
486 1310 588 1387 opinio
621 1310 755 1370 obtinuit
786 1311 824 1370 ab
857 1311 914 1370 hoc
945 1310 1075 1368 maxime

57 1403 164 1462 libello
197 1400 350 1477 penderet.
397 1418 467 1458 cnm
498 1400 579 1459 enim
607 1399 713 1459 Livius
747 1400 861 1476 aliique
892 1398 1075 1460 vetustiores

56 1510 112 1569 per
132 1491 284 1551 librorum
310 1488 437 1548 decades
464 1488 495 1547 id
523 1488 680 1549 ostendere
710 1489 741 1547 in
765 1488 865 1548 animo
888 1487 1076 1546 haberenta

57 1581 169 1659 quibus
196 1577 369 1655 primordiis
395 1577 531 1636 Romana
558 1594 605 1637 res
634 1577 756 1654 publica
784 1577 823 1636 ad
851 1595 1000 1636 summam
1022 1595 1074 1652 po-

59 1670 189 1730 tentiam
217 1667 406 1744 pervenisset
433 1669 465 1726 et
492 1667 642 1744 quomodo
669 1669 833 1743 paupertas
858 1669 889 1725 et
912 1665 1075 1743 frugalitas
1140 1697 1142 1704 ι

57 1760 228 1836 priscorum
258 1756 371 1817 civium
397 1756 508 1815 sensim
535 1756 568 1814 in
595 1755 756 1818 avaritiam
784 1756 996 1832 luxuriamque
1023 1754 1074 1812 ab·

58 1849 154 1924 iisset,
176 1846 286 1905 Florus
309 1844 424 1920 primus
448 1864 551 1905 eorum
574 1843 627 1922 qui
647 1844 768 1921 quidem
787 1847 920 1904 aetatem
937 1845 1076 1902 tulerunt

56 1938 160 1999 divino
189 1934 321 2013 quodam
348 1934 472 1993 consilio
500 1934 714 2010 Fortunaeque
742 1936 773 1992 et
801 1931 933 1992 Virtutis
962 1932 1074 1991 auxilio

57 2046 75 2085 a
96 2025 214 2103 populo
232 2024 368 2082 Romano
388 2023 490 2083 orbem
512 2027 662 2082 terrarum
684 2022 843 2082 subactum
863 2040 927 2080 esse
945 2020 1075 2097 probare

57 2115 171 2174 studet.
217 2131 310 2189 quam
336 2112 520 2171 sententiam
552 2112 690 2189 quamvis
724 2111 867 2171 ecclesiae
895 2113 997 2186 patres
1024 2127 1075 2168 rs-

57 2204 214 2263 hementor
231 2200 447 2280 impugnarint,
469 2204 571 2260 tamen
589 2199 672 2259 haud
689 2218 788 2278 pauca
806 2199 844 2258 ab
863 2198 917 2258 illo
941 2198 1075 2256 mutuati

58 2283 170 2372 sunt¹).
218 2290 245 2350 si
275 2289 372 2368 igliur
403 2289 467 2349 eius
499 2290 577 2349 liber
603 2288 756 2366 periisset,
789 2307 849 2348 non
877 2289 998 2346 tantum
1024 2304 1072 2345 res

57 2381 207 2460 quasdam
230 2378 267 2438 ab
291 2398 326 2439 eo
349 2379 413 2439 solo
436 2379 565 2439 traditas
588 2379 678 2438 utin
700 2377 788 2437 bellis
812 2378 917 2436 contra
936 2375 963 2434 S.
983 2375 1071 2434 Pom-

55 2472 159 2548 peium
194 2471 225 2528 et
255 2468 288 2526 in
319 2467 451 2527 Variano
482 2468 672 2545 nesciremus,
709 2467 762 2526 sed
794 2485 864 2525 eum
896 2465 1072 2541 scriptorem

56 2559 273 2632 amisissemus,
301 2556 387 2617 cuius
410 2557 445 2616 de
469 2557 596 2616 historia
618 2556 754 2615 Romana
784 2554 931 2613 iudicium
955 2554 1073 2631 aliquot

57 2649 184 2709 saecula
206 2649 311 2706 secuta
334 2649 414 2706 sunt.
450 2645 567 2705 accedit
589 2644 670 2722 quod
693 2645 783 2704 aliter
806 2647 838 2703 ot
860 2644 962 2704 verius
982 2662 1073 2721 quam

56 2739 79 2797 ii
106 2738 163 2816 qui
191 2735 305 2795 abolita
327 2755 359 2795 re
381 2734 503 2811 publica
524 2734 621 2793 libera
644 2734 745 2792 omnia
766 2751 888 2810 pessum
912 2734 984 2792 data
1007 2751 1071 2792 esse

56 2826 273 2904 querebantur,
296 2823 351 2883 sub
375 2823 504 2883 Traiano
528 2825 608 2881 certe
632 2825 819 2882 senectutem
841 2822 960 2897 imperii
985 2822 1072 2899 quasi

56 2915 178 2975 reddita
200 2915 360 2973 iuventute
382 2912 544 2972 reviruisse
567 2911 761 2988 praedicavit.

124 3005 269 3063 Attamen
301 3001 440 3062 dubitare
471 3001 545 3060 licet
576 3004 681 3060 utrum
711 3001 766 3059 illa
799 2999 899 3059 omnia
931 3017 949 3056 a
981 2998 1072 3056 Floro
1087 3014 1162 3054 rona·

57 3094 156 3169 primo
184 3091 266 3151 dicta
293 3091 354 3151 sint
380 3108 482 3150 necne.
527 3093 619 3166 atque
646 3089 702 3148 hac
730 3088 852 3166 quidem
882 3106 914 3146 re
938 3085 1019 3163 quod
1041 3085 1073 3143 in

56 3183 158 3260 priore
181 3181 311 3240 maxime
335 3180 433 3256 operis
456 3182 543 3255 parte
566 3197 668 3237 omnes
690 3197 738 3238 res
761 3196 780 3236 a
802 3176 915 3253 populo
935 3174 1070 3232 Romano

57 3273 123 3349 ipso
143 3272 247 3348 gestas
268 3286 331 3329 esse
350 3259 480 3349 fingir2),
499 3268 610 3327 ducum
623 3287 694 3327 vero
709 3268 831 3327 nomina
845 3281 934 3339 saepe
949 3262 1072 3340 omittit,

59 3401 274 3412 ...—-.---—

131 3480 157 3545 1)
167 3494 193 3531 v.
213 3494 240 3545 p.
255 3473 345 3528 XXIX
363 3473 458 3527 adnot.
476 3480 498 3526 1.

130 3553 157 3620 2)
163 3545 433 3618 populcsRomcaua
441 3544 636 3600 velRomoccs
647 3559 709 3596 cum
718 3541 784 3595 inde
795 3538 920 3609 aprimis
931 3538 1071 3608 epitomae

829 3630 864 3686 Q*
