2334 3922
378 110 581 160 PRAEFATIO
600 109 769 160 EDI'I'ORIS
1015 108 1080 162 XIII

68 293 196 351 quarum
224 274 340 351 primae
364 278 484 334 tantum
508 278 645 352 superest
667 277 703 334 ut
726 294 792 333 eam
815 276 863 336 vel
885 277 904 334 b
927 278 976 336 vel
1000 278 1082 338 trel

68 364 200 423 bfuisse
224 366 330 440 pateat
352 383 412 423 non
435 367 512 441 t,;ut
535 365 659 422 Iahnius
681 367 780 439 putat.
827 384 918 440 quare
941 367 988 425 bic
1010 367 1081 426 scri-

67 453 198 512 bendum
219 456 343 512 estnon
363 457 431 513 tum.
467 473 571 512 eorum
589 472 660 513 vero
680 472 757 529 quae
776 453 815 511 ad
834 454 1086 532 orthographiam

64 544 220 617 pertinent
251 542 381 601 maxima
415 545 461 600 θεὴ
493 542 586 618 copia.
634 544 768 600 attamen
795 541 935 601 Halmius
966 544 1020 603 ubi
1050 545 1081 603 in

64 633 179 691 rasuris
212 632 302 708 plura
331 630 437 690 Iahnio
464 630 524 689 sibi
553 631 714 706 disperisse
742 630 903 691 videbatur
929 632 1082 692 interdum

64 721 188 782 erravit.
235 721 320 781 velut
346 740 376 796 p.
395 721 446 793 47,
468 722 485 779 5
509 723 579 795 post
608 722 737 778 bellebec
760 714 905 798 (Buteone
927 721 953 779 B
977 740 1081 780 secun·

64 811 136 870 dum
159 800 332 889 Halmium)
357 827 417 867 uon
440 826 470 868 cs
493 827 613 868 erasum
636 811 682 867 est
701 808 753 867 sed
776 828 817 884 m3
848 829 878 885 p.
899 813 949 884 54,
971 814 1010 868 12
1034 829 1081 868 ra·

62 918 135 958 sura
164 899 196 956 in
227 916 287 975 qua
313 897 439 956 ultimae
467 900 529 956 tres
556 898 677 957 litterae
705 897 786 956 uocis
816 915 903 956 eurus
936 900 1082 976 leguntur

60 1008 121 1048 non
152 990 242 1046 tenta
269 990 316 1045 est
343 989 380 1045 ut
405 987 437 1044 iu
465 1005 501 1045 ea
524 986 616 1046 etiam
639 988 731 1058 dome,
760 988 840 1062 quod
862 987 1004 1047 Halmius
1028 989 1082 1047 ad-

60 1077 199 1135 dendum
231 1094 296 1135 esse
328 1075 451 1153 conicit,
490 1076 635 1151 scriptum
668 1092 732 1134 esse
764 1076 914 1153 potuerit3
953 1076 1081 1154 denique

59 1187 90 1243 p.
111 1167 170 1243 84,
196 1167 214 1225 5
243 1164 384 1223 Halmius
414 1183 473 1223 non
506 1165 660 1240 perspexit
687 1182 794 1223 rasura
821 1168 891 1241 post
918 1168 1024 1239 quippe
1050 1167 1082 1225 id

59 1257 167 1331 ipsum
189 1253 380 1330 vocabulum,
409 1253 489 1329 quod
511 1253 652 1312 librarius
675 1272 730 1328 per
754 1272 885 1312 errorem
907 1256 1082 1332 repetierat,

62 1343 201 1402 deletum
226 1361 298 1402 esse.

132 1432 161 1490 A
183 1430 401 1508 Bambergensi
425 1431 525 1490 codice
548 1430 594 1490 ita
617 1430 788 1507 discrepant
811 1432 903 1490 ceteri
932 1436 1082 1508 quotquot

61 1524 201 1580 aetatem
219 1521 357 1580 tulerunt
374 1520 458 1579 Flori
480 1519 551 1578 libri
574 1538 667 1578 manu
685 1519 790 1595 scripti
808 1523 844 1578 ut
863 1521 960 1579 eidem
979 1540 1081 1581 ornnes

61 1609 203 1668 familiae
230 1609 384 1668 tribuendi
412 1609 480 1667 sint.
528 1628 543 1667 e
573 1627 701 1685 quorum
724 1627 849 1668 numero
874 1610 947 1669 satis
970 1629 1080 1688 magno

62 1698 297 1775 antiquissimus
322 1701 368 1756 est
390 1697 585 1757 Palatinus
609 1697 762 1757 Latinus
787 1700 851 1757 894
875 1691 934 1780 (N)
960 1699 1031 1759 olim
1049 1701 1081 1758 in
1096 1722 1118 1760 u

60 1788 251 1848 bibliotheca
273 1787 449 1846 monasterii
475 1787 558 1845 beati
584 1785 706 1845 Nazarii
728 1787 990 1847 Laurishamensis
1020 1808 1081 1848 ser-

60 1881 156 1938 vatus
179 1876 308 1953 ideoque
338 1878 408 1951 post
431 1875 613 1934 Salmasium
636 1894 655 1934 a
677 1875 751 1935 viris
775 1877 870 1935 doctis
893 1877 1081 1936 Nazarianus

61 1968 269 2042 nuncupatus.
296 1984 386 2041 quem
406 1983 475 2023 cum
494 1960 603 2024 ‘musei
616 1959 766 2022 Rhenani'
781 1966 840 2024 vol.
851 1965 948 2023 XLIV
964 1957 1081 2047 (1889)

63 2077 95 2131 p.
122 2057 163 2114 66
180 2074 223 2132 sq.
255 2054 426 2113 accuratius
459 2053 679 2131 descripserim,
712 2053 852 2130 graviora
885 2057 1006 2113 tantum
1033 2055 1082 2113 hic

62 2146 211 2219 repetam.
259 2145 400 2202 exaratus
432 2142 528 2220 igitur
561 2145 607 2201 est
639 2143 760 2201 saeculo
793 2162 871 2202 nono
903 2143 1002 2201 medio
1032 2144 1081 2204 vel

65 2235 196 2291 exeunte
213 2232 245 2290 in
266 2231 474 2309 quadrantalis
492 2232 606 2290 formae
625 2223 714 2311 (0,25
730 2239 773 2292 ><
788 2224 877 2312 0,17)
898 2231 1081 2291 membranis

61 2321 174 2380 crassis
197 2325 228 2380 et
249 2320 365 2380 luridis.
409 2321 565 2380 columnae
589 2325 661 2378 sunt
684 2319 830 2397 singulae,
853 2339 959 2380 versus
982 2322 1081 2381 viceni

63 2410 160 2488 quini.
202 2411 354 2470 correctus
378 2411 424 2468 est
445 2409 577 2484 primum
600 2427 693 2466 manu
718 2408 821 2468 eadem
846 2402 919 2491 (Νι)
944 2413 974 2469 θὴ
997 2411 1080 2469 adhi·
1095 2434 1126 2473 11ι

62 2500 138 2576 bito,
162 2503 198 2557 ut
220 2498 350 2576 ridetur,
375 2498 537 2574 archetypo
562 2500 616 2556 aut
638 2497 718 2556 inter
742 2497 932 2557 scribendum
955 2503 1010 2559 aut
1028 2500 1081 2559 ab·

62 2590 166 2648 soluto
191 2588 306 2664 codice,
334 2605 402 2646 cum
432 2587 547 2663 primae
569 2586 691 2645 litterae
715 2589 746 2646 et
770 2589 1003 2664 quaternionum
1025 2609 1080 2648 nu-

62 2677 141 2737 meri
166 2677 335 2736 atramento
358 2677 487 2735 fusciore
511 2675 701 2734 adderentur.
731 2695 750 2734 a
768 2696 828 2753 qua
845 2697 938 2736 manu
956 2679 1080 2737 Iahnius

63 2785 155 2842 saepe
187 2785 249 2825 non
276 2764 414 2823 distinxit
442 2783 566 2824 manum
590 2764 752 2823 secundam
775 2767 889 2824 saeculi
912 2767 1081 2826 duodecimi

63 2847 150 2935 (W),
171 2873 248 2931 quae
267 2853 349 2913 leves
366 2853 512 2930 quosdam
530 2871 644 2913 errores
664 2854 844 2931 emendavit,
863 2857 960 2915 multo
979 2859 1081 2914 tamen
1096 2880 1128 2919 rr

63 2944 188 3020 saepius
217 2961 306 3002 sanas
333 2943 384 3003 vel
405 2941 608 3003 levidensibus
632 2942 716 3002 vitiis
739 2942 912 3003 laborantes
936 2945 1080 3003 lectiones

63 3032 210 3110 corrupit.
257 3027 343 3091 cuius
371 3032 417 3090 rei
438 3051 534 3090 unum
559 3030 692 3090 sufficiat
720 3032 906 3108 exemplum:
939 3054 968 3109 p.
989 3035 1039 3103 82,
1061 3036 1078 3092 6

65 3141 135 3180 cum
158 3121 188 3180 N
211 3124 345 3195 stuprose
372 3121 404 3179 in
430 3122 491 3194 stra
518 3122 599 3180 cleos
622 3121 815 3197 mutavisset,
842 3115 885 3180 Ν2
907 3122 951 3179 ita
979 3122 1080 3179 locum

64 3210 275 3287 pessumdedit
293 3213 329 3269 ut
346 3211 394 3269 aet
412 3211 481 3269 dira
499 3210 600 3268 clades
613 3209 798 3269 adscriberet
806 3202 839 3290 ¹).
870 3211 948 3267 hunc
967 3209 1081 3270 librum

138 3345 165 3412 1)
188 3342 219 3396 in
245 3342 378 3413 periocha
407 3341 480 3397 Livii
510 3345 590 3397 sexta
617 3343 737 3397 eundem
769 3344 952 3396 correctorem
983 3346 1081 3399 notam

67 3415 93 3468 S.
114 3416 142 3471 0.
167 3432 224 3469 non
247 3422 358 3470 sauctae
380 3416 543 3484 consultum,
568 3415 617 3468 sed
635 3416 797 3471 scandulum
819 3413 1000 3483 interpretari
1023 3415 1080 3470 iam

67 3485 125 3539 dixi
146 3484 248 3539 ‘musei
266 3485 406 3540 Rhenani'
427 3486 514 3542 XLIV
532 3489 622 3557 (1889)
642 3504 669 3555 p,
686 3491 727 3542 67.
