2334 3922
116 160 179 224 128
477 163 589 215 FLORI
605 162 767 213 ΕΡΙΤΟΜΑ

115 331 179 388 cius
203 327 385 388 descendere
406 326 523 386 radices
543 335 572 386 ct
591 329 672 387 exitu
690 329 787 387 inviso
807 326 881 387 nihil
900 327 957 388 tale
978 330 1132 407 opinantis

81 418 200 478 aducis
233 416 330 477 subito
364 417 476 494 impetu
509 423 605 476 castra
637 423 816 497 rapuerunt,
853 417 922 476 inde
955 416 1133 498 Vareniana,

116 507 256 584 deinceps
280 505 422 585 Thorani3
445 511 597 583 totamque
620 512 818 584 pervagantur
841 504 1046 588 Campaniam,
1077 526 1134 567 nec

115 595 251 655 villarum
278 601 365 673 atque
393 596 526 653 vicorum
553 596 717 654 vastatione
746 597 879 655 contenti
907 594 1012 655 Nolam
1040 603 1132 675 atque

114 683 286 765 Nuceriam,
313 682 441 742 Thurios
466 690 552 761 atque
576 683 778 762 Metapontum
801 683 930 743 terribili
954 691 1053 763 strage
1078 704 1132 764 po·
1162 717 1167 723 -

81 772 264 852 epulantur.
319 771 518 832 adfluentibus
555 773 587 831 in
620 772 699 831 diem
732 774 825 852 copiis
858 791 926 832 cum
959 775 1019 832 iam
1052 782 1134 834 esset

116 865 212 922 iustus
237 863 399 941 exercitus,
428 860 628 921 criminibus
651 861 858 940 pecudumque
882 865 1064 939 tegumentis
1089 864 1134 923 in·

116 951 250 1011 conditos
275 949 333 1010 sibi
357 949 467 1028 clipeos
492 956 521 1009 et
545 949 623 1010 ferro
644 950 860 1028 ergastulorum
878 958 998 1011 recocto
1018 951 1134 1030 gladios

81 1053 149 1101 tac
176 1040 234 1100 tela
263 1040 406 1099 lecerunt.
453 1056 486 1098 ac
515 1057 552 1098 ne
582 1039 659 1118 quod
686 1039 777 1099 decus
800 1042 878 1100 iusto
903 1039 1023 1100 deesset
1039 1032 1133 1101 'excr-

115 1131 200 1209 citui,
234 1129 355 1188 domitis
394 1127 487 1187 obviis
521 1130 610 1187 etiam
642 1128 782 1206 gregibus
815 1135 936 1207 paratur
969 1132 1133 1211 equitatus,
1148 1156 1167 1192 1·

115 1225 257 1297 captaque
295 1217 331 1276 de
367 1215 556 1296 praetoribus
593 1219 720 1295 insignia
758 1225 788 1277 ct
825 1217 919 1278 fasces
952 1217 988 1277 ad
1022 1219 1132 1279 ducem

80 1307 258 1367 adetulere.
308 1325 363 1366 nec
394 1305 497 1365 abnuit
524 1305 573 1365 ille
603 1306 638 1365 de
667 1306 861 1385 stipendiario
890 1306 1003 1367 Thrace
1032 1307 1133 1389 miles,

115 1396 151 1456 dc
175 1395 269 1456 milite
292 1395 436 1475 desertor,
462 1395 531 1454 inde
554 1394 639 1475 latro,
663 1395 770 1456 deinde
794 1395 992 1455 inhonorem
1016 1399 1131 1457 virium

79 1498 95 1547 9
115 1484 265 1563 gladiator.
303 1486 355 1563 qui
378 1484 586 1543 defunctorum
610 1501 728 1563 quoque
751 1483 864 1564 proelio
889 1484 999 1545 ducum
1023 1486 1132 1546 funera

115 1575 314 1653 imperatoriis
345 1571 505 1632 celebravit
531 1574 666 1651 exequiis
695 1576 885 1652 captivosque
914 1575 994 1633 circa
1021 1593 1131 1653 rogum
1145 1601 1167 1637 κ

114 1664 203 1722 iussit
222 1664 312 1721 armis
332 1662 511 1741 depugnare,
535 1664 620 1740 quasi
638 1661 724 1741 plane
744 1665 915 1741 expiaturus
936 1681 1024 1723 omne
1044 1683 1131 1742 prae-

113 1753 235 1811 teritum
273 1750 415 1830 dedecus,
452 1752 479 1809 si
515 1749 551 1809 de
588 1750 749 1829 gladiatore
786 1753 974 1812 munerarius
1012 1752 1129 1813 fuisset.

62 1853 94 1902 10
114 1840 183 1899 inde
225 1842 284 1900 iam
324 1838 495 1898 consulares
532 1857 649 1918 quoque
687 1841 845 1919 adgressus
882 1843 913 1900 in
951 1842 1130 1920 Appennino

114 1928 233 1989 Lentuli
266 1929 429 1988 exercitum
461 1928 637 2009 peroccidit,
670 1929 747 2008 apud
780 1929 932 1990 Mutinam·
956 1928 1010 1989 Gai
1045 1930 1130 1991 Cassi
1155 1987 1158 1994 .

62 2031 94 2080 11
115 2026 210 2078 castra
234 2017 350 2077 delevit.
397 2015 505 2095 quibus
529 2016 623 2077 elatus
647 2020 780 2078 victoriis
804 2018 840 2078 de
864 2018 1030 2079 invadenda
1054 2019 1128 2079 urbe
1142 2043 1165 2083 ro

183 2268 197 2314 1
226 2260 358 2332 inldiuiso
386 2261 414 2314 Β
441 2258 526 2312 inuno
557 2259 588 2314 0:
617 2275 686 2314 corr.
705 2259 824 2330 Pighius
845 2259 977 2315 Herculis
999 2260 1128 2316 Prodicic'

108 2351 138 2403 p.
157 2337 211 2387 469
235 2332 311 2386 invio
335 2349 374 2403 09.
395 2331 510 2386 invento
531 2330 770 2401 Frendeabcrpc'us
792 2330 858 2384 inda
881 2330 942 2385 viso
961 2333 1127 2400 Binsfeldus

111 2404 625 2471 111110.Β11111.ΧΧΙΙ(1867)11.310
650 2405 654 2469 1
679 2401 827 2470 opinantes
849 2403 877 2456 Β
899 2406 908 2470 1
931 2408 947 2454 2
970 2402 1044 2457 Jnda
1069 2402 1126 2457 alia

113 2476 207 2527 castra
228 2473 397 2528 nareniana-
410 2475 504 2527 castra
523 2472 654 2542 deinceps
672 2474 700 2527 Β
719 2472 784 2527 inde
804 2472 861 2526 alia
879 2475 974 2527 castra
993 2473 1126 2544 deinceps

116 2546 149 2599 0:
172 2561 241 2599 corr.
257 2545 397 2614 Saccppias
415 2545 482 2598 inde
501 2543 559 2598 alia
577 2544 624 2598 via
642 2543 804 2598 Vareniana
825 2545 1064 2616 Frendcnberpiscs
1083 2548 1093 2615 11
1111 2551 1126 2598 3

112 2615 211 2670 borani
230 2615 264 2669 N
277 2618 286 2680 11
305 2621 322 2668 4
341 2616 433 2684 adque
452 2617 486 2669 N
502 2618 505 2684 1
527 2614 720 2669 uastationem
738 2616 765 2668 L
780 2618 785 2686 1
800 2615 887 2670 nolan
899 2617 927 2670 Β
946 2618 956 2686 11
974 2621 990 2670 5
1009 2616 1127 2671 thauros

112 2688 140 2741 Β
158 2685 246 2739 turios
267 2687 291 2742 G
312 2691 316 2746 1
341 2690 416 2740 meta
434 2689 562 2755 pomtum
580 2687 607 2740 L
629 2689 638 2756 11
661 2694 676 2740 6
696 2687 884 2741 effluentibus
903 2688 930 2741 L
954 2691 959 2758 1
984 2690 1080 2742 essent
1099 2691 1128 2757 (n

113 2760 197 2813 erasit
215 2775 249 2812 m.
264 2760 291 2827 1)
309 2758 337 2811 Β
358 2760 367 2826 11
388 2763 403 2810 8
424 2758 536 2827 clypeos
556 2759 605 2826 Ν1
622 2756 706 2812 effero
725 2759 752 2811 L
771 2774 804 2812 ex
823 2758 895 2813 ferro
914 2758 1048 2814 Halmius
1064 2761 1069 2829 1
1085 2776 1127 2814 re·

113 2830 240 2884 0001110
260 2829 350 2897 110111
368 2847 469 2884 rosera
487 2848 520 2884 111.
538 2831 564 2900 1)
583 2830 616 2882 Ν
635 2828 639 2901 Ι
664 2829 775 2899 gladios
794 2828 815 2899 (l
833 2847 919 2899 snpra
936 2833 1053 2900 versum)
1073 2832 1101 2885 L
1119 2832 1128 2901 11

114 2906 129 2953 9
149 2900 269 2954 dedecus
288 2900 316 2953 Β
337 2899 341 2971 1
363 2904 397 2952 10
414 2900 486 2953 ouiis
504 2901 531 2954 L
552 2904 556 2970 1
577 2899 664 2954 etiam
682 2918 732 2956 om.
749 2901 789 2970 01
805 2900 937 2972 gregibus
957 2903 986 2969 (Β
1005 2909 1126 2957 correcta

111 2990 145 3027 ecc
163 2972 183 3042 l)
203 2972 229 3024 L
245 2975 248 3038 1
265 2973 401 3040 parantur
413 2973 441 3026 Β
455 2975 464 3038 11
479 2978 510 3024 11
531 2971 662 3042 captique
677 2972 704 3026 L
720 2973 724 3040 1
740 2971 864 3041 insignia
883 2974 992 3040 (ultimo
1010 2972 1022 3025 i
1038 2990 1127 3043 supro

112 3061 217 3100 uersum
236 3045 312 3111 1111)
330 3043 364 3096 N
382 3043 393 3111 11
416 3046 449 3095 12
469 3042 568 3096 abnuit
587 3043 616 3112 (b
635 3050 806 3098 correctness
823 3046 852 3113 n)
866 3045 894 3098 Β
914 3046 918 3114 1
940 3043 1058 3098 trhace·
1073 3045 1101 3098 L
1118 3047 1127 3114 1

114 3121 146 3168 13
174 3114 240 3168 inde
268 3113 341 3167 latro
367 3113 391 3168 0
412 3112 521 3167 delatro
545 3115 573 3167 Β
596 3115 631 3167 de
654 3113 794 3168 desertore
816 3113 890 3168 latro
913 3115 1101 3170 Mommsenos
1120 3116 1124 3188 1

111 3187 229 3242 honore:
251 3185 445 3252 0011111111
464 3191 498 3237 14
520 3184 588 3253 quia
605 3187 634 3239 Β
652 3185 701 3253 qui
721 3185 745 3240 0
760 3184 828 3254 quin
848 3187 1055 3241 Freirubemc'os
1069 3191 1079 3255 l
1094 3191 1127 3241 15

111 3257 312 3327 imperatorum
325 3258 353 3311 Β
370 3257 374 3324 1
390 3254 529 3325 exsequiis
543 3257 572 3309 Β
594 3258 603 3324 11
627 3262 659 3310 16
679 3257 854 3326 depugnaret
872 3257 911 3326 (et
928 3259 961 3312 in
979 3260 1127 3313 0111111111

111 3330 238 3399 11111Β
261 3332 270 3398 11
293 3333 327 3382 17
346 3331 507 3381 munerator
528 3327 552 3381 Ο
573 3327 576 3396 1
601 3329 662 3380 tum
684 3335 747 3382 autc
765 3327 865 3382 fuisset
883 3329 947 3384 add.
962 3330 990 3383 Β
1009 3328 1126 3383 bustum

111 3399 225 3454 fecisset
242 3401 361 3454 Iahnius
381 3401 390 3468 11
412 3403 445 3452 18
463 3398 521 3452 iam
540 3415 589 3452 om.
605 3399 632 3452 L
648 3399 652 3471 1
669 3399 827 3454 consulares
848 3399 888 3468 Ol
905 3415 1057 3471 aggressus
1072 3402 1099 3455 L
1120 3401 1123 3471 1

111 3469 291 3543 inappenilno
310 3471 338 3524 Β
360 3472 369 3539 11
393 3476 425 3525 19
446 3468 567 3525 caecidit
584 3471 613 3523 Β
635 3474 639 3535 1
663 3472 732 3540 aput
750 3472 778 3525 Β
798 3477 802 3538 1
822 3470 962 3525 mutinam
986 3471 1020 3540 (ti
1037 3489 1125 3542 cupra

111 3559 217 3595 cursum
231 3560 264 3596 m.
279 3545 307 3613 1>
321 3543 356 3595 N
368 3544 372 3611 1
387 3541 467 3611 publi
483 3541 561 3596 Cassi
574 3543 612 3610 B,
630 3547 661 3596 at
677 3560 701 3596 c.
716 3542 849 3612 11111101.
864 3546 908 3610 96,
925 3541 1001 3598 Oros.
1018 3543 1125 3611 V24,4
