2334 3922
532 129 647 181 INDEX

88 283 206 355 ‘populo
224 283 351 339 Romano
370 286 396 341 S.
421 287 451 340 11
467 285 563 341 Africa

97 357 233 410 contento
260 355 348 410 fuisse
373 362 496 426 113,15.
535 358 561 412 S.

96 425 190 480 multo
209 428 351 482 cruentius
369 427 464 483 servili
477 445 563 496 quam

96 497 206 552 Punico
228 498 304 552 bollo
328 502 442 555 vastata
461 505 521 570 125,
537 506 561 556 5.

95 569 212 640 frugum
229 569 309 624 ferax
328 576 388 640 125,
404 577 427 626 7.
463 572 562 642 fugam

95 641 128 694 in
146 657 211 695 eam
228 644 312 710 parat
330 642 481 724 Spartacus
501 648 560 712 129,

97 718 122 766 6.
156 711 182 766 S.
202 713 560 782 etSardin1am,annonae

94 782 231 853 pignora,
255 783 358 839 Caesar
379 801 430 855 per
449 784 560 854 legatos

95 855 186 909 habet
210 847 337 925 141,13.
375 871 438 910 eam
466 856 560 909 Sardi-

93 925 230 994 niamque
254 926 281 982 S.
300 927 369 980 Pom
390 927 450 980 eius
473 927 559 982 habe-

94 997 151 1051 bat
182 1003 248 1068 161,
273 1003 315 1052 14.
368 946 393 1053 1).
426 998 559 1068 nobilem,

95 1068 282 1124 domesticam
309 1069 428 1140 Cereris,
461 1068 559 1124 Florus

93 1140 298 1210 11111111

74 1213 150 1282 aput
186 1211 365 1281 Sicorin,
403 1211 559 1282 Hispaniae

92 1297 229 1408 qrquqlnq,
247 1283 421 1409 etpliestieiris
439 1283 559 1408 iddsire

494 1398 501 1423 t

72 1425 195 1482 Siculo
217 1425 289 1479 mari
307 1425 416 1480 Plotius
441 1443 459 1480 a
476 1426 558 1480 Pom·

91 1497 159 1568 peio
177 1497 317 1566 inpositus
332 1503 392 1564 102,
408 1503 448 1552 14.
481 1497 511 1550 in
530 1498 556 1553 S.

91 1569 166 1623 freto
194 1567 343 1639 Pompeius
370 1568 480 1622 iuvenis
508 1585 557 1639 op-

91 1656 206 1710 pressus
225 1644 285 1708 162,
300 1645 334 1692 23

73 1727 132 1780 quo
147 1710 349 1765 sidoremota
357 1710 478 1764 Asiatici
487 1711 557 1765 belli

91 1785 267 1852 tempestas?
295 1787 341 1850 65,
367 1788 407 1837 11.
449 1782 557 1836 bellum

94 1853 179 1908 civile
210 1853 370 1906 Marianum
405 1853 496 1907 tribus
534 1872 555 1909 s.

91 1923 236 1994 agitatum
253 1929 318 1993 129,
333 1929 375 1979 24.
412 1924 443 1978 in
461 1941 556 1979 11111

93 1994 167 2050 caeli
203 1995 383 2050 conversione
419 1998 497 2050 mota
533 2013 555 2052 s.

90 2069 322 2135 comitissis

72 2138 239 2208 signiferi
266 2137 400 2206 Syllanae
428 2137 555 2193 domina-

89 2209 178 2265 tionis
207 2207 322 2263 Catulus
349 2209 554 2278 Pompeiusque

91 2286 207 2349 136,12.
234 2280 406 2334 emoriente
420 2281 554 2350 signifero

89 2351 190 2421 aquila
211 2353 340 2420 Augusto
363 2351 470 2406 tradita
494 2357 553 2421 156,

91 2428 134 2479 18.
157 2421 275 2494 signifer
288 2421 414 2490 aquilam
428 2422 459 2476 in
472 2422 553 2477 clade

92 2492 217 2549 Variana
236 2493 338 2549 evolsit
356 2497 385 2548 et
406 2493 554 2548 abscondi·

89 2566 135 2620 uit
154 2570 214 2634 111,
229 2570 264 2619 11

71 2637 207 2708 signum
238 2636 269 2690 in
295 2635 385 2690 hostis
413 2634 554 2690 iaculatus

88 2707 252 2763 Postumius
293 2707 416 2761 dictator
451 2711 499 2776 19,
529 2713 552 2762 2,

88 2779 167 2834 bello
194 2779 311 2832 Etrusco
339 2778 444 2832 infesta
472 2781 553 2846 quat·

88 2854 155 2905 tuor
180 2850 325 2921 agminum
348 2868 368 2904 1.
392 2848 554 2904 volitabant

89 2926 200 2991 30,15.
243 2920 325 2991 signa
352 2920 382 2975 in
408 2919 552 2990 triumpho

88 2993 243 3047 Tarentino
261 2997 357 3060 3116.
386 2991 553 3045 inferentem

89 3084 111 3119 1.
142 3063 321 3120 Coriolanum
352 3065 443 3118 mater
470 3062 552 3117 lacri-

87 3135 143 3190 mis
171 3136 229 3190 suis
257 3135 413 3189 exarmavit
441 3139 487 3203 38,
510 3141 551 3189 16.

87 3206 186 3262 Livius
201 3206 344 3262 Salinator
361 3207 391 3258 in
409 3205 551 3259 nascentis

86 3279 191 3333 Italiae
212 3279 309 3333 fauces
334 3295 354 3331 1.
377 3278 553 3330 converterat

89 3355 195 3417 60,11.
232 3349 307 3404 Nero
326 3352 355 3402 et
372 3347 468 3402 Livius
488 3363 551 3400 eon-

87 3421 157 3475 latis
177 3439 199 3474 s.
213 3419 420 3475 Hasdrubalem
439 3435 552 3488 oppres-

88 3494 187 3547 serunt
205 3497 252 3560 60,
268 3497 309 3545 20.
347 3489 458 3545 collatis
478 3507 551 3544 com·

1031 132 1096 197 259

634 286 727 340 minus
752 304 771 341 1.
791 287 935 343 Hannibal
954 294 983 345 et
1002 291 1095 364 Scipio

635 357 760 412 direxere
792 358 882 412 aciem
914 367 960 431 61,
990 368 1032 418 20,
1074 383 1095 418 s.

635 428 768 483 Corintho
800 432 883 500 rapta
916 448 933 485 a
961 433 1096 490 Mummio

635 505 675 569 77,
692 506 716 558 5.
752 500 785 553 D.
809 501 913 555 Brutus
935 520 993 557 non
1017 505 1095 575 prius

634 589 654 624 1.
666 571 804 626 convertit
812 571 843 626 in
851 572 999 644 Hispania,
1009 593 1095 643 quam

633 643 779 697 cadentem
795 642 826 696 in
839 645 929 698 maria
944 645 1032 700 solem
1046 647 1093 702 de·

632 712 745 783 prendit
761 719 802 783 19,
815 720 855 768 17.
881 715 1031 788 Pompeius
1066 735 1096 772 er

632 785 703 838 turis
731 787 760 839 et
782 784 904 839 balsami
928 788 1014 844 silvas
1084 821 1094 830 ·

631 874 716 910 mana
740 875 759 910 s.
780 855 953 912 circumtulit
971 864 1093 930 100,10.

631 928 700 981 Asia
713 927 892 996 Pompeianis
909 947 930 985 1.
945 931 1095 986 tenebatur

632 1005 696 1068 101,
712 1005 736 1054 6.
775 998 868 1053 Crassi
889 1003 973 1070 rapta
992 1002 1094 1056 subitis

632 1088 652 1126 1.
674 1069 834 1125 turbinibus
852 1071 949 1125 hausit
967 1073 1093 1144 Euphra-

630 1143 673 1195 tes
684 1146 745 1212 111,
757 1147 780 1195 9.
806 1141 974 1196 Parthorum
989 1163 1009 1199 s.
1026 1162 1093 1199 auro

632 1213 783 1282 sericisque
810 1213 922 1266 vexillis
949 1215 1093 1269 vibrantia

631 1289 730 1352 112,1.
764 1283 863 1337 sociali
881 1284 957 1339 bello
975 1303 1026 1357 per
1043 1303 1092 1357 po-

629 1355 711 1426 pulos
735 1356 765 1408 et
785 1354 868 1408 urbes
886 1355 988 1411 Italiae
1008 1375 1028 1411 s.
1049 1373 1092 1411 ce-

631 1427 722 1480 cinere
738 1430 850 1495 123,19.
872 1426 995 1481 Athenio
1009 1428 1092 1482 fami·

629 1497 699 1551 liam
717 1497 859 1568 ergastulo
874 1496 1025 1553 liberatam
1039 1500 1091 1554 sub

630 1569 718 1640 seigni
747 1567 859 1623 ordinat
884 1573 1012 1640 126,11.
1054 1571 1092 1624 ad

629 1640 789 1711 principum
828 1640 944 1694 caedem
981 1641 1092 1713 signum

630 1711 939 1780 datMarius131‚15.
968 1711 1092 1768 Catilina

629 1782 711 1853 signa
729 1783 793 1836 urbi
811 1781 951 1837 inlaturus
970 1786 1013 1837 est
1029 1791 1089 1854 131,

629 1860 671 1909 21.
709 1858 780 1924 aput
798 1854 930 1924 Thapson
954 1857 1019 1908 1111
1039 1855 1090 1908 irn-

628 1925 737 1996 perium
769 1924 848 1978 ducis
878 1942 900 1978 s.
929 1926 1092 1981 cecinerunt

630 2001 742 2065 149‚18.
777 1994 866 2048 cladis
885 2014 906 2050 s.
925 2012 981 2049 non
1000 1996 1091 2051 latue-

627 2069 693 2120 runt
706 2066 833 2120 Cassium
846 2066 1019 2135 Brutumque
1031 2073 1091 2136 159,

627 2144 669 2193 13.
705 2153 827 2208 magnae
850 2136 954 2191 indolis
976 2138 1091 2208 signum

626 2226 738 2280 sperare
757 2225 867 2278 semper
885 2214 944 2277 162,
961 2215 994 2263 25

609 2298 741 2354 Silaces
783 2297 883 2352 Orodis
911 2296 986 2367 regis
1009 2314 1089 2367 prae·

625 2370 725 2437 fectus,
740 2342 871 2423 Crassum
886 2370 956 2438 aput
970 2367 1088 2423 Carrhas

626 2441 720 2496 caedit
740 2446 799 2510 111,
815 2446 848 2494 21

609 2520 748 2575 Silanus
767 2539 792 2575 v.
812 2519 908 2574 Iunius

609 2600 646 2654 ad
665 2600 883 2654 simulacrum
902 2600 1026 2655 siderum
1040 2619 1086 2655 cu·

626 2674 684 2726 1111
712 2671 822 2741 imperii
847 2672 961 2726 flamma
983 2672 1088 2727 Vestae

626 2743 728 2813 vigilat
747 2749 793 2810 19,
813 2749 838 2798 2.
875 2743 1021 2814 permixtis
1045 2743 1087 2797 in-

625 2814 725 2869 cendio
748 2813 905 2868 simulacris
924 2830 972 2867 aes
992 2813 1088 2869 Corin-

624 2885 717 2940 thium
739 2888 838 2940 natum
862 2890 965 2952 77,11.
1004 2886 1040 2939 ad
1065 2903 1085 2941 s.

624 2957 734 3027 ignium
775 2958 875 3010 ardens
912 2955 1018 3009 Pharos
1056 2957 1087 3010 in

623 3029 766 3098 triumpho
786 3026 912 3081 Caesaris
933 3032 1042 3094 163,12

608 3118 644 3171 ad
664 3117 826 3186 Sipylum,
849 3115 934 3168 Asiae
952 3117 1086 3185 montem,

624 3187 778 3242 Antiochus
802 3187 967 3240 consederat
991 3191 1038 3254 66,
1053 3193 1088 3240 20

607 3268 714 3322 111111
727 3266 892 3336 peregrinae
909 3268 978 3320 deae
991 3265 1088 3336 pulsat

624 3339 744 3409 populus
762 3337 920 3407 Aegyptius
943 3342 1001 3406 185,
1017 3344 1033 3390 4

607 3418 792 3479 sit'uCaesar
805 3417 947 3471 Petreium
961 3420 990 3471 et
1005 3417 1086 3471 Afra-

623 3489 701 3544 nium
720 3489 757 3543 ad
772 3488 944 3543 deditionem
959 3489 1087 3559 conpulit

880 3579 934 3630 11*
