2334 3922
123 181 211 235 XLVI
436 182 636 235 PRAEFATIO
655 183 825 235 EDITORIS

123 371 204 410 mam
219 352 389 411 cautionem
404 351 604 411 adhibendam
619 368 683 410 essa
697 351 826 410 maxima
841 370 878 410 ex
888 350 1139 428 inscriptionibus

122 441 328 520 intellegitur,
356 445 457 501 tamen
480 441 529 500 hio
553 439 591 498 ad
615 439 739 498 eandem
762 443 894 499 aetatem
917 441 1137 520 nominumque

124 531 353 590 similitudinem
393 530 485 590 tertia
526 548 617 588 causa
658 529 774 589 accedit
815 547 910 607 caque
946 531 1137 608 gravissima.

123 619 315 679 Woelfflinus
343 619 422 678 enim
449 637 563 696 paucas
589 619 658 677 illas
688 618 802 696 dialogi
823 618 950 696 paginas
978 623 1011 680 st
1039 621 1136 698 epito-

121 728 201 767 mam
229 714 293 770 tam
320 712 387 768 arta
414 708 554 768 dictionis
581 708 760 785 cognatione
789 709 870 767 inter
897 727 928 767 se
957 709 1136 771 coniunctas

122 816 186 857 esse
215 798 318 858 docuit
344 801 380 857 ut
407 797 573 857 abeodem
600 797 720 856 homine
747 815 797 856 aas
820 798 971 875 profectas
994 817 1060 858 esse
1082 819 1135 860 na·

121 905 203 946 cesse
237 880 316 966 sit).
367 887 472 963 itaque
499 887 560 946 iam
588 885 734 945 habemus
761 887 794 945 L.
813 886 974 946 Annaeum
1002 919 1045 930 —
1073 889 1135 949 sive

122 975 251 1035 Charisii
275 968 317 1057 (p.
338 978 388 1053 53,
410 978 464 1052 14;
489 978 561 1053 140,
583 966 663 1056 6Κ.)
687 975 821 1035 codicem
838 975 1043 1037 Borbonicum
1066 996 1134 1037 cum

120 1064 312 1124 Bruxellensi
332 1067 437 1125 10677
459 1064 695 1124 consentientem
714 1065 800 1142 sequi
817 1066 922 1143 mavis,
940 1065 1076 1126 Annium
1091 1100 1132 1110 -

120 1154 258 1232 Florum,
283 1164 404 1231 poetam
428 1158 459 1214 et
481 1155 632 1213 rhetorem
656 1156 695 1231 et,
718 1154 745 1212 si
766 1155 812 1213 ita
834 1154 984 1231 epitomae
1008 1157 1132 1234 scripto-

119 1263 184 1302 rem
209 1244 362 1320 appellare
385 1243 465 1321 licet,
492 1243 677 1302 historicum.
725 1243 811 1302 cuius
834 1244 871 1302 de
894 1243 960 1305 rita
982 1264 1061 1322 quae
1085 1265 1131 1305 ex·

119 1333 234 1409 plorari
256 1335 393 1410 possunt,
416 1351 485 1391 cnm
508 1332 592 1391 facili
613 1331 736 1408 negotio
759 1333 889 1392 maxime
913 1352 949 1392 ex
968 1333 1084 1413 dialogi
1102 1338 1130 1394 et

119 1423 286 1481 carminum
304 1423 483 1499 fragmentis
501 1424 647 1498 petantur
665 1424 696 1480 et
719 1421 780 1479 iam
803 1421 841 1481 ab
865 1422 934 1481 aliis
958 1422 1041 1484 dicta
1064 1424 1129 1501 sint,

118 1511 167 1570 hic
189 1514 326 1588 repetere
348 1502 473 1592 nolui²).

83 1662 87 1673 ,
189 1601 248 1659 Sed
270 1604 459 1660 transeamus
483 1600 521 1658 ad
544 1599 644 1659 Flori
667 1600 817 1676 scripta.
857 1601 1014 1678 dialogum
1037 1602 1130 1679 igitur

33 1673 57 1702 ⁵²
80 1674 174 1766 ¹0²'qui
203 1690 347 1763 Vergilius
373 1693 471 1749 orator
503 1707 543 1748 on
568 1693 656 1762 poeto
687 1688 863 1748 inscribitur
891 1689 1029 1765 lepidum
1054 1690 1129 1750 illud

7 1770 106 1863 ffr'e'gn
120 1779 307 1854 prooemium
335 1779 502 1838 Tarracone
530 1777 730 1855 compositum
760 1795 824 1837 esse
853 1771 1025 1857 ostendit3).
1071 1798 1127 1857 quo

120 1870 223 1926 autem
254 1868 343 1927 modo
374 1869 474 1944 ipsum
506 1870 718 1943 argumentum
748 1870 914 1927 tractatum
941 1867 1037 1929 fuerit
1062 1887 1129 1928 con·

70 2014 73 2023 ,
116 1952 241 2016 iecturis
265 1957 385 2034 assequi
408 1976 467 2016 non
486 1974 646 2032 possumus
682 1956 741 2015 nisi
764 1956 845 2034 quod
867 1955 950 2016 Flori
973 1958 1130 2035 aliquanto

100 2046 294 2107 ’viridiorem
327 2051 357 2106 et
388 2046 605 2122 elegantiorem
653 2046 870 2122 isputationem
897 2045 992 2105 fuisse
1023 2046 1128 2124 proba·

116 2135 177 2195 bile
201 2139 249 2195 est
271 2155 362 2212 quam
385 2135 537 2212 Macrobii,
565 2135 619 2212 qni
646 2134 723 2193 libro
748 2132 991 2194 saturnaliorum
1020 2138 1128 2214 quarto

116 2225 240 2284 candem
269 2224 476 2304 quaestionem
504 2224 549 2282 ita
572 2223 664 2284 solvit
686 2227 722 2290 ut
744 2242 823 2284 unus
845 2224 1047 2286 interlocutor
1069 2242 1127 2286 om·

189 2433 214 2500 1)
239 2430 355 2487 ‘Archiv
382 2429 427 2483 fiir
449 2429 546 2484 latein.
570 2427 807 2498 Lexikographie’
832 2427 871 2482 VI
894 2431 986 2500 (1889)
1008 2437 1125 2500 p.·1sq.

116 2500 184 2555 addi
207 2504 301 2570 potest
327 2500 435 2570 pariter
458 2502 543 2570 atque
566 2501 596 2554 in
619 2499 745 2570 epitoma
766 2501 905 2554 terrarum
927 2500 1045 2556 nomina
1066 2501 1127 2556 sine

114 2570 701 2697 substraturiatt
715 2570 1127 2697 1111111111

129 2660 557 2784 ermlllabllllleesSchmidingerus
568 2646 599 2769 (l.
620 2687 641 2770 c’.
665 2687 702 2784 pf
713 2719 763 2768 786
775 2645 950 2768 ’ob'ser’varlt
971 2714 1125 2769 versiculos

114 2785 178 2840 illos
203 2803 250 2857 epo
272 2789 333 2840 uolo
354 2785 454 2840 Oocaor
476 2802 529 2841 esse
555 2787 695 2840 ambulore
720 2803 772 2855 per
794 2786 949 2841 Britannos
971 2802 1046 2841 anno
1070 2787 1128 2841 fere

112 2876 141 2928 p.
162 2857 224 2912 Chr.
245 2862 295 2909 122
324 2859 353 2911 et
379 2856 499 2911 fortasse
522 2856 628 2911 Romae
652 2856 770 2926 scriptos
797 2873 865 2911 esse.
903 2856 1009 2912 erravit
1030 2860 1126 2914 tamen

115 2929 190 2998 quod
208 2928 322 2982 Florum
348 2927 432 2982 aliter
455 2931 540 2997 atque
563 2927 739 2982 Hadrianum
763 2927 883 2982 Graecos
907 2928 973 2983 odio
992 2929 1127 2984 habuisse

115 3017 148 3055 ex
167 3001 220 3055 hoc
240 2999 363 3054 carmine
382 2999 492 3070 colligit
510 3000 598 3070 (anth.
617 2999 678 3054 Lat.
694 3000 736 3055 ed.
752 2999 835 3054 Riese
854 3005 954 3053 15οι-
969 3003 1044 3070 poet.
1064 3001 1127 3055 Lat.

112 3072 179 3126 min.
200 3072 242 3126 ed.
262 3071 403 3125 Baehrens
422 3071 462 3126 IV
480 3074 555 3141 41ης
591 3088 687 3141 sperae
708 3088 795 3126 mores
821 3074 1029 3140 trooaaoriaos,
1054 3074 1127 3129 melle

112 3146 211 3200 babeat
225 3144 334 3210 offucio.
354 3145 410 3197 cicc
420 3143 545 3197 Romano
556 3161 607 3212 per
620 3144 710 3198 orbem
722 3159 800 3196 acmo
814 3143 882 3198 vivit
895 3146 997 3198 rectius
1000 3165 1012 3211 ;
1025 3146 1126 3214 quippe

112 3218 207 3271 malim
224 3232 311 3269 unam
331 3213 458 3269 Catonem
473 3232 558 3285 quom
574 3222 702 3269 trecentos
721 3212 856 3269 Socratem
892 3231 960 3268 nam
977 3216 1128 3270 lacuum

112 3285 311 3356 imperatorem
334 3302 445 3353 quoqne
464 3285 499 3339 de
517 3285 637 3340 Homero
657 3287 686 3340 et
703 3285 822 3340 Platone
846 3284 1017 3340 indicavisse
1042 3286 1126 3369 Spar·

112 3356 208 3411 tianus
222 3357 318 3427 (Hadr.
335 3361 376 3425 16,
392 3359 418 3426 6)
432 3356 521 3410 tradit
541 3359 569 3411 et
587 3358 713 3412 vetustos
727 3357 868 3412 Romanos
887 3356 936 3411 ille
955 3373 1012 3412 non
1030 3374 1126 3411 minus

113 3428 270 3482 admiratus
289 3429 332 3482 est
351 3445 436 3496 quam
454 3427 560 3483 Florus.
893 3460 896 3465 ·
959 3460 962 3465 ·

105 3570 138 3622 Η
173 3503 211 3624 ἕ)
238 3518 263 3553 v.
291 3502 403 3623 pgleeter
430 3499 518 3641 111101(1
522 3499 699 3641 81ἓ161)1011οὲ1711
725 3500 743 3554 1.
764 3517 785 3554 c.
811 3518 837 3569 p.
854 3504 956 3569 308sq.
986 3499 1020 3554 cl.
1045 3501 1127 3555 Acin.

137 3586 172 3623 ue
190 3574 306 3624 nerus‘
337 3572 440 3625 ermae’
601 3589 628 3641 p.
688 3589 728 3640 sq.
967 3606 970 3611 ·
1044 3598 1047 3605 ¹
1070 3586 1073 3593 ·
