2334 3922
115 110 163 163 LX
427 112 627 164 PRAEFATIO
646 112 816 164 EDITORIS

115 278 137 338 O
163 278 317 354 0166666666
339 279 378 357 Β,
408 281 485 356 153,
511 281 550 339 13
579 279 693 338 Pharos
719 279 744 336 B
773 278 893 337 Phacus
915 277 954 356 0,
981 281 1062 356 101,
1088 282 1126 339 21

114 366 289 428 Placetne
308 368 456 427 Phaselim
474 369 508 446 B,
529 371 601 445 174,
622 371 661 428 16
681 364 773 426 Alete
792 368 815 424 B
835 365 956 426 11111666
974 368 1011 428 N.
1031 387 1130 446 neque

115 452 254 518 dubitavi
277 459 413 516 celadum
435 449 491 538 (B)
515 458 564 518 vel
587 458 745 516 6616661661
767 447 820 538 (Ο)
843 456 875 515 in
897 455 1050 516 Ascurida
1073 449 1128 539 (B)

115 547 272 624 corrigere,
304 545 475 605 Leucadem
499 537 554 628 (B)
581 546 613 604 in
640 545 795 621 Leucada,
827 545 1068 620 Ibrcspmcrums
1099 549 1131 606 et

114 634 215 711 Sylla,
253 634 363 712 quibus
394 634 565 694 nominibus
596 635 705 695 Florus
740 635 840 694 nescio
874 635 947 711 quid
981 633 1131 694 Graecum

114 724 212 784 inesse
234 723 377 801 putabat,
405 743 441 782 ex
463 722 616 783 codicibus
642 724 774 799 recipere
805 726 897 800 atque
921 723 996 783 adeo
1021 741 1129 783 eorun-

115 814 182 872 dem
212 813 342 890 vestigia
371 815 493 872 secutus
519 812 734 888 Eleythernan,
763 811 900 889 quamvis
923 812 1050 872 Iahnius
1078 813 1130 872 ob·

114 902 236 962 locutus
255 902 295 961 sit
314 894 358 982 (p.
372 892 493 982 XXXI),
513 904 544 961 61
561 902 592 959 in
610 901 709 959 indice
728 901 972 977 66616661666616
991 900 1130 964 scribere.

115 991 341 1066 adstipulantur
355 989 433 1049 enim
448 1008 516 1048 cum
530 989 642 1049 similes
656 989 769 1050 formae
784 989 866 1065 apud
880 990 955 1049 alios
965 990 1127 1067 scriptores

115 1080 201 1140 velut
219 1079 300 1156 apud
319 1078 463 1137 Senecam
481 1079 603 1157 Thyest.
623 1080 686 1139 872
708 1077 877 1154 0316666616
897 1081 928 1138 61
947 1080 1036 1155 epist.
1056 1099 1129 1142 mor.

115 1168 174 1227 XII
195 1173 222 1247 1,
243 1170 284 1227 14
305 1168 459 1227 ,7111616166
477 1159 655 1249 661161661),
677 1169 743 1227 tum
769 1167 799 1226 id
821 1168 902 1245 quod
924 1168 986 1227 iam
1009 1172 1130 1229 constat

115 1257 184 1317 inde
218 1276 237 1316 6
263 1256 408 1316 Varronis
442 1257 627 1333 temporibus
660 1259 691 1315 et
723 1258 814 1315 aucta
848 1257 993 1316 sermonis
1022 1256 1128 1317 Graeci

115 1346 224 1422 peritia
257 1347 367 1406 sensim
399 1347 520 1404 auctam
553 1346 644 1405 etiam
677 1363 741 1404 esse
771 1344 853 1421 apud
879 1345 1044 1421 scriptores
1070 1347 1128 1406 Rc·

114 1453 219 1494 manos
242 1435 274 1494 in
296 1434 468 1494 nominibus
487 1432 609 1494 Graecis
632 1433 794 1493 scribendis
813 1434 1012 1513 diligentiam,
1037 1435 1127 1494 donec

115 1524 228 1583 Fronto
251 1523 365 1600 aliique
388 1524 427 1581 ad
449 1526 603 1583 vetustam
624 1523 774 1582 rationem
792 1541 828 1582 ea
847 1522 884 1582 ad
902 1523 986 1600 leges
1005 1523 1127 1602 linguae

116 1630 188 1671 suae
220 1611 402 1671 immutandi
433 1611 572 1672 redirent.
620 1614 686 1671 erat
713 1629 781 1670 cum
808 1611 865 1671 bac
892 1612 924 1670 in
950 1631 983 1671 re
1015 1631 1086 1672 eum
1111 1632 1128 1672 a

116 1720 176 1778 quo
204 1701 336 1759 recensio
364 1700 533 1759 Nazariana
559 1701 694 1777 profecta
722 1702 768 1760 est
794 1701 915 1778 longius
944 1701 1125 1778 processisse

115 1790 275 1863 crederem,
299 1789 350 1848 sed
373 1788 438 1847 fieri
459 1791 561 1865 potest
582 1792 619 1849 ut
641 1789 764 1849 nomina
785 1789 972 1863 [cccccccccc
994 1781 1039 1871 (p
1056 1792 1126 1864 101,

116 1869 174 1960 21)
198 1881 229 1938 61
250 1877 379 1954 Syrenas
402 1869 445 1959 (p.
467 1880 545 1956 111,
566 1880 605 1937 21
630 1897 685 1954 pro
708 1871 853 1959 Serenus)
877 1879 908 1937 in
933 1878 955 1937 Ο
979 1879 1045 1938 6616
1069 1897 1126 1938 ser·

114 1970 187 2029 vata
215 1967 252 2026 ab
280 1967 346 2044 ipsc
375 1967 465 2026 Floro
493 1967 641 2045 originem
668 1967 788 2026 ducent.
835 1967 975 2026 similiter
1002 1968 1073 2027 aliis
1098 1969 1127 2026 in

114 2055 204 2116 rebus
231 2057 317 2118 velut
344 2056 376 2115 in
398 2056 657 2133 praepositionum
680 2074 748 2115 cum
772 2056 870 2116 verbis
900 2056 1127 2116 coniuncturum

116 2146 341 2223 assimilatione,
364 2145 397 2204 in
418 2145 573 2205 nominum
597 2145 789 2221 propriorum
811 2145 937 2205 diversis
960 2145 1075 2224 formis,
1097 2146 1126 2204 in

115 2234 126 2292 i
147 2235 257 2313 longae
281 2226 321 2317 ()
348 2234 497 2310 positione
526 2232 734 2310 similibusque
764 2233 796 2291 in
818 2233 955 2293 minutiis
979 2237 1126 2310 quantum

116 2323 206 2383 licuit
234 2323 416 2399 optimorum
445 2323 591 2383 librorum
614 2322 744 2399 vestigia
766 2323 870 2399 pressi.
915 2341 985 2380 nam
1010 2325 1127 2383 constat

115 2415 232 2471 veteres
259 2412 349 2488 longe
379 2411 512 2471 abfuisse
540 2411 578 2470 ab
609 2430 644 2470 ea
668 2429 759 2488 quam
783 2411 907 2487 plurimi
930 2411 1061 2471 editores
1084 2413 1126 2472 in·

115 2500 282 2559 stituerunt
300 2499 516 2576 aequabilitate
539 2519 638 2576 neque
663 2499 748 2560 video
772 2517 827 2558 cur
848 2518 917 2577 non,
940 2519 1011 2559 cum
1034 2501 1126 2560 simil·

116 2588 190 2646 lima
216 2587 247 2645 in
274 2588 375 2648 titulis
402 2588 627 2648 accuratissime
653 2588 756 2648 incisis
784 2592 819 2648 ut
842 2591 1038 2648 monumento
1066 2589 1127 2649 An-

116 2694 227 2754 cyrano
242 2676 463 2736 commentariis
478 2676 608 2736 deludis
633 2676 837 2736 saecularibus
852 2675 973 2736 (1166111
991 2679 1127 2738 oratione

115 2765 335 2843 Lugudunensi
355 2765 547 2842 eiusdemque
571 2765 690 2826 decreto
714 2766 751 2825 de
769 2765 906 2825 Anaums
927 2767 1127 2846 reperiantur,

117 2855 148 2914 in
180 2853 333 2914 codicibus
369 2855 498 2915 traditas
530 2855 642 2915 formas
675 2856 750 2914 redit
774 2857 849 2928 petit
879 2857 955 2930 16616
989 2854 1129 2926 Caluus,

24 3016 28 3023 Ι
116 2943 190 3003 alibi
213 2944 329 3018 6661696
352 2945 491 3018 66616616
519 2942 593 3002 alibi
615 2944 723 3018 cotlcpu
745 2944 884 3018 66111666,
907 2944 981 3003 alibi
1006 2944 1128 3006 Teutoni

116 3032 189 3092 alibi
214 3033 373 3101 Teutonus,
400 3033 584 3092 chacticcm
611 3036 643 3092 61
664 3033 831 3101 Delmatae,
859 3032 952 3093 etiam
981 3037 1070 3095 notas
1094 3039 1129 3096 ut

112 3209 239 3325 paciaci,
267 3202 431 3268 concectuit',
459 3196 616 3270 comperiam
639 3217 673 3255 ex
695 3200 860 3257 laudatione
883 3201 1021 3258 Matidiae
1049 3204 1129 3273 (bib-

136 3272 211 3327 andi.
227 3272 253 3327 d.
269 3272 425 3327 Akademie
444 3271 470 3325 d.
485 3271 569 3327 Wiss.
585 3291 619 3326 zu
637 3272 744 3327 Berlin'
761 3278 838 3342 1863,
856 3291 883 3343 p.
899 3277 975 3344 486):
994 3281 1130 3345 optumus,

116 3344 250 3416 atti[uet],
267 3346 312 3398 ati
328 3345 400 3398 661111
417 3360 554 3413 umquam.

190 3417 216 3483 1)
236 3414 288 3469 ‘De
307 3414 428 3470 Senecae
442 3430 546 3470 recens.
562 3416 591 3469 et
604 3415 756 3470 emendat’
771 3434 798 3485 p.
815 3420 866 3469 127
877 3433 917 3484 sq.
932 3415 1008 3471 idem
1023 3416 1130 3473 Seneca

116 3484 283 3539 11661517
304 3485 500 3556 Cephallanum
517 3485 617 3556 habet,
635 3486 733 3541 Florus
752 3505 779 3557 p.
795 3491 842 3556 67,
858 3492 891 3540 19
911 3487 1128 3557 Cephallaniam.
