2370 3908
380 125 467 248 1¹,1o¹
488 161 761 230 19.ao(11‚a-4).
826 226 832 237 .
1033 162 1078 226 49

55 345 118 406 que
148 325 292 386 cotidiani
320 334 350 387 et
377 329 463 404 quasi
486 326 643 387 domestici
664 327 926 388 bostes'tirocinia
949 328 1076 389 militum

27 413 239 494 ·.iubuebant,
276 432 332 483 nec
370 415 456 475 aliter
492 423 618 494 utraque
651 423 738 493 gente
772 434 860 494 quam
893 419 979 495 quasi
1011 426 1076 478 cote

57 503 190 582 quadam
222 502 350 582 populus
377 503 528 574 Romanus
558 504 670 564 ferrum
699 522 770 564 suae
797 505 916 565 virtutis
944 505 1075 566 acuebat.
1157 503 1159 507 ’

70 634 73 639 1
126 591 255 670 Liguras
287 593 357 652 imis
384 591 502 670 Alpium
532 594 611 674 iugis
643 592 830 653 adhaerentis
861 594 941 653 inter
967 593 1112 654 Varumt

29 689 90 741 aet
110 681 245 758 Magram
263 679 384 741 llumen
412 679 623 759 inplicitosque
646 680 743 741 dumis
768 680 954 741 silvestribus
980 684 1075 742 maior

57 769 214 848 aliquanto
236 767 320 828 labor
343 776 408 829 erat
430 771 565 829 invenire
589 787 677 847 quam
700 772 828 829 vincere.
868 771 926 829 tuti
948 768 1021 828 locis
1045 778 1074 830 et

56 859 144 937 fuga,
172 857 282 918 durum
309 865 397 935 atque
425 857 510 917 velox
539 876 646 937 genus,
674 876 710 917 ex
738 859 894 918 occasione
922 856 1076 918 latrocinia
1101 866 1106 875 ’

56 949 155 1024 magis
185 963 274 1023 quam
298 945 375 1005 bella
398 945 553 1006 iaciebant.
600 949 699 1024 itaque
723 964 791 1006 cum
815 945 866 1006 diu
890 945 1074 1024 multumque
1094 959 1110 1006 o

57 1035 219 1096 eluderent
260 1033 371 1116 Saluuii
412 1033 548 1094 Deciates
585 1033 694 1094 Oxubii
730 1033 907 1095 Euburiates
944 1034 1076 1114 Ingauni,

16 1139 43 1178 ro
56 1123 182 1184 tandem
201 1121 321 1183 Fulvius
345 1122 473 1182 latebras
496 1140 600 1183 eorum
619 1121 737 1200 ignibus
757 1125 876 1202 saepsit,
899 1122 1025 1182 Baebius
1044 1125 1076 1182 in

56 1212 148 1291 plana
176 1210 312 1290 deduxit,
340 1211 510 1272 Postumius
537 1213 578 1270 ita
606 1213 766 1270 exarmavit
794 1218 827 1270 ut
849 1213 896 1270 vix
921 1210 1076 1289 reliquerit

56 1302 174 1360 serrum
200 1318 258 1378 quo
281 1308 361 1360 terra
385 1299 542 1360 coleretur.

281 1647 283 1650 Α
344 1564 404 1624 xx.
437 1563 586 1623 unuuvu
605 1563 804 1623 *cauucvu

127 1706 221 1767 Gallis
240 1705 416 1766 Insubribus
440 1713 470 1765 et
493 1705 540 1765 bis
560 1705 668 1766 accolis
687 1705 806 1785 Alpium
825 1706 916 1764 animi
935 1705 1075 1784 serarum,
1089 1699 1158 1782 11,4

16 1812 43 1852 15
58 1813 190 1875 corpora
221 1793 288 1873 plus
321 1813 409 1872 quam
441 1793 568 1854 bumana
600 1802 697 1874 erant,
730 1793 782 1853 sed
806 1828 847 1835 —
873 1795 1075 1872 experimento
1103 1815 1151 1872 χι

132 2003 184 2054 11
209 1998 346 2054 cotidiani
369 2001 397 2061 (a
420 2005 540 2055 correcto
562 2015 596 2054 eoo
617 1999 651 2068 ti)
675 1999 701 2052 L
727 2001 730 2066 Ι
755 1997 893 2052 terocinia
917 1998 938 2066 (i
955 1988 1041 2071 supro
1061 2014 1076 2051 e

56 2092 91 2128 oo.
109 2076 141 2140 2)
156 2071 191 2125 N
200 2073 209 2139 l
224 2076 239 2124 2
258 2070 410 2124 inbuerant
422 2071 451 2123 Β
467 2071 471 2139 Ι
487 2086 573 2138 quam
591 2070 616 2123 si
629 2071 692 2141 cote
706 2070 734 2122 Β
747 2069 829 2137 quasi
840 2070 905 2123 'cote
920 2070 1076 2138 (virgulam,
1154 2132 1158 2137 g

56 2160 131 2215 quae
157 2160 188 2195 m
215 2143 368 2212 significat,
398 2158 485 2211 supra
513 2158 530 2194 a
553 2157 612 2210 pos.
641 2159 675 2195 m.
700 2143 727 2209 1)
751 2141 785 2193 N
813 2156 898 2207 quam
925 2137 1012 2191 sicote
1036 2139 1075 2194 L:

57 2233 130 2270 corr.
154 2230 196 2284 og.
219 2215 229 2280 ΙΙ
252 2217 268 2266 3
292 2211 414 2280 quedam
434 2214 460 2281 (e
478 2213 511 2266 in
529 2227 547 2265 a
564 2213 682 2267 mutavit
699 2229 734 2265 aa.
752 2213 780 2279 1)
799 2211 833 2264 N
851 2212 900 2279 114
923 2224 989 2261 nam
1012 2216 1076 2263 onte

57 2285 168 2356 ligures
192 2284 255 2338 odd.
275 2285 297 2336 I
317 2287 321 2352 Ι
345 2281 451 2352 Ligure
474 2281 552 2336 simis
576 2284 706 2352 (romoalt
727 2299 762 2335 m.
783 2284 809 2349 1)
828 2282 856 2334 Β
874 2279 991 2349 Ligures
1011 2278 1075 2332 imis

60 2373 207 2442 augures
230 2371 260 2425 ui
282 2371 347 2424 imis
366 2373 388 2424 I
408 2373 413 2440 ι
438 2355 581 2426 tatanus
602 2369 743 2440 (spiritum
761 2369 825 2423 aaa.
844 2385 878 2422 m.
897 2370 924 2437 1)
943 2368 971 2420 n
990 2367 1075 2421 aare·

58 2447 155 2499 rentes
176 2442 401 2498 Oadhaerentes
419 2444 456 2501 ΙΙ
472 2458 573 2496 uarum
590 2455 772 2511 magnamque
792 2455 903 2492 amnem
923 2440 945 2491 I
954 2442 963 2507 {l
982 2444 997 2491 5
1017 2455 1076 2492 ma-

58 2516 158 2571 chram
168 2515 196 2568 L
211 2521 215 2580 Ι
232 2511 438 2584 inplacitosqne
448 2513 475 2567 L
488 2511 641 2583 implicitos
655 2514 677 2565 I
689 2515 692 2579 Ι
710 2511 776 2564 dum
790 2508 834 2563 his
844 2510 872 2562 Β
884 2511 887 2581 l
900 2508 1075 2563 siluestribus

58 2585 237 2640 uictitabant
253 2600 324 2653 quos
342 2599 414 2654 pene
432 2584 524 2638 maius
542 2582 597 2636 fuit
615 2581 776 2636 inuenire]
794 2583 803 2650 tt
827 2585 843 2633 6
862 2597 918 2649 qua
938 2583 970 2636 tre
991 2597 1077 2650 quam
1121 2595 1125 2601 ·

58 2659 180 2713 mutavit
193 2655 228 2710 N
233 2655 242 2687 ¹
261 2671 337 2724 quan
350 2655 377 2708 L
392 2657 396 2724 Ι
413 2655 539 2709 uinceret
553 2653 596 2707 uti
610 2655 743 2723 (priorem
756 2653 769 2705 t
783 2654 919 2720 expunxit
931 2669 965 2706 m.
983 2655 1009 2721 1)
1024 2653 1058 2706 N
1071 2653 1073 2723 l

59 2728 104 2782 uti
119 2729 147 2781 Β
163 2729 168 2796 Ι
185 2726 209 2780 si
227 2725 343 2795 quidem
357 2732 420 2781 ante
433 2725 504 2780 locis
519 2726 582 2780 odd.
597 2727 618 2777 I
630 2727 634 2792 1
651 2722 743 2791 adque
757 2723 824 2776 BN
833 2724 842 2792 ΙΙ
857 2726 872 2775 8
886 2721 1032 2777 faciebant
1047 2725 1076 2791 (n

58 2816 148 2870 cupra
166 2814 274 2853 oasam
291 2799 364 2852 inter
381 2798 562 2864 scribendum)
581 2796 609 2848 Β
627 2793 753 2864 faciebat
769 2793 840 2862 0119
859 2792 957 2848 ludere
971 2794 999 2846 Β
1018 2793 1076 2846 elu-

60 2870 142 2924 deret
160 2869 195 2923 N
209 2867 336 2922 eluderet
353 2868 381 2921 L
401 2871 405 2933 Ι
426 2866 500 2922 salui
518 2868 546 2920 Β
565 2865 655 2920 saltus
675 2863 790 2919 Osaltu
808 2864 863 2918 uiis
882 2867 904 2918 I
914 2867 918 2934 Ι
940 2862 1075 2917 decilates

58 2942 88 2996 A
108 2939 220 2995 deciate
238 2940 265 2992 L
285 2944 289 3007 Ι
310 2937 405 2992 exuuii
423 2940 451 2992 Β
474 2937 595 2992 oxubile.
615 2938 649 2991 N
669 2934 805 2990 sorubile.
825 2936 852 2988 L
870 2933 966 2989 oxuuii
984 2934 1005 2985 I
1022 2934 1026 3000 Ι
1047 2935 1077 2987 et

59 3010 188 3066 buriates
197 3012 226 3064 Β
239 3008 367 3063 buriates
377 3009 411 3063 N
420 3009 575 3064 buriantes.
585 3009 612 3062 L
621 3006 746 3061 buriates
756 3008 778 3059 I
789 3012 793 3073 Ι
810 3005 939 3076 ingauni]
949 3002 1075 3072 incogni-

59 3084 121 3137 tam
129 3085 162 3137 in
171 3080 330 3152 incognitas
340 3082 458 3135 mutavit
467 3081 501 3133 N
506 3078 697 3149 incognitasL
710 3080 719 3146 tt
734 3082 768 3130 10
779 3084 843 3146 post
855 3075 961 3129 fuluius
975 3090 1076 3129 roomo

59 3161 192 3224 prmtttror
205 3154 314 3208 circiter
328 3153 481 3206 litterarum
495 3151 529 3204 N
540 3152 544 3219 Ι
560 3148 622 3219 igni
635 3149 672 3217 A,
686 3156 716 3204 at
728 3166 752 3204 o.
767 3149 844 3215 122,
859 3150 909 3215 125
926 3147 1077 3212 1113,sa;

39 3247 141 3310 ¹21,6
167 3244 172 3308 Ι
196 3255 264 3293 uero
283 3244 347 3310 post
369 3237 473 3293 Bobius
497 3239 561 3293 odd.
579 3240 601 3291 I
619 3240 628 3306 ll
652 3243 682 3290 11
709 3234 820 3289 diduxit
838 3236 872 3288 N
892 3239 896 3301 Ι
918 3215 1076 3314 postlimius

60 3314 203 3383 (spiritum
226 3312 290 3366 odd.
314 3327 349 3364 m.
368 3312 396 3379 1)
416 3311 444 3363 Β
466 3312 475 3379 ΙΙ
499 3315 533 3362 14
552 3308 654 3378 Gallis]
677 3307 745 3361 Post
763 3323 833 3375 quos
852 3322 916 3359 mox
935 3302 1013 3373 galh.
1033 3306 1054 3356 I
1070 3305 1073 3375 Ι

60 3382 225 3437 insubribus
244 3380 300 3450 (bri
318 3387 383 3436 orote
400 3380 446 3434 bri
464 3382 580 3448 orosam)
599 3379 633 3433 N
645 3382 649 3448 Ι
666 3377 772 3447 alpium
790 3375 890 3430 incolis
909 3378 930 3428 I
940 3377 949 3444 11
964 3381 996 3428 15
1017 3390 1074 3428 cor-

60 3469 132 3525 pora
154 3470 242 3524 sopra
264 3469 370 3508 neroum
393 3453 457 3506 odd.
476 3451 504 3504 B
529 3453 534 3521 1
559 3451 609 3504 sed
632 3447 821 3519 experimento
846 3449 888 3502 bis
909 3447 1020 3517 scripsit
1037 3446 1077 3526 N,

59 3527 107 3580 aed
122 3528 207 3594 priua
224 3525 323 3579 delevit
341 3523 374 3577 N
378 3523 387 3553 ²
402 3525 408 3591 t
424 3521 615 3592 experimento
633 3519 655 3592 (i
673 3523 793 3578 correcto
812 3534 846 3574 oc
864 3520 891 3589 ei
912 3518 937 3572 L

107 3623 192 3661 flotus
204 3621 238 3660 od,
254 3621 276 3660 0.
290 3621 449 3662 Rossbach.
863 3616 882 3666 b
