<?xml version="1.0" encoding="UTF-8"?>
<!DOCTYPE html PUBLIC "-//W3C//DTD XHTML 1.0 Transitional//EN"
    "http://www.w3.org/TR/xhtml1/DTD/xhtml1-transitional.dtd">
<html xmlns="http://www.w3.org/1999/xhtml" xml:lang="en" lang="en">
 <head>
  <title>
</title>
<meta http-equiv="Content-Type" content="text/html;charset=utf-8" />
  <meta name='ocr-system' content='tesseract 3.04.00' />
  <meta name='ocr-capabilities' content='ocr_page ocr_carea ocr_par ocr_line ocrx_word'/>
</head>
<body>
  <div class='ocr_page' id='page_1' title='image "./lannaeifloriepi04florgoog_0250.png"; bbox 0 0 2334 3922; ppageno 0'>
   <div class='ocr_carea' id='block_1_1' title="bbox 402 165 1066 236">
    <p class='ocr_par' dir='ltr' id='par_1_1' title="bbox 402 165 1066 236">
     <span class='ocr_line' id='line_1_1' title="bbox 402 165 1066 236; baseline -0.002 -17"><span class='ocrx_word' id='word_1_1' title='bbox 402 166 440 235; x_wconf 87' lang='lat'><strong>11,</strong></span> <span class='ocrx_word' id='word_1_2' title='bbox 460 171 502 221; x_wconf 84' lang='lat' dir='ltr'><strong>er.</strong></span> <span class='ocrx_word' id='word_1_3' title='bbox 522 171 555 219; x_wconf 79' lang='lat' dir='ltr'><strong>aa</strong></span> <span class='ocrx_word' id='word_1_4' title='bbox 575 165 648 236; x_wconf 80' lang='grc'>11111,</span> <span class='ocrx_word' id='word_1_5' title='bbox 669 169 721 236; x_wconf 83' lang='lat'><strong>12).</strong></span> <span class='ocrx_word' id='word_1_6' title='bbox 1004 166 1066 230; x_wconf 79' lang='lat'><strong>177</strong></span> 
     </span>
    </p>
   </div>
   <div class='ocr_carea' id='block_1_2' title="bbox 54 332 1119 592">
    <p class='ocr_par' dir='ltr' id='par_1_2' title="bbox 54 332 1119 592">
     <span class='ocr_line' id='line_1_2' title="bbox 54 332 1119 414; baseline -0.001 -18"><span class='ocrx_word' id='word_1_7' title='bbox 54 354 167 397; x_wconf 93' lang='lat' dir='ltr'><strong>nomen</strong></span> <span class='ocrx_word' id='word_1_8' title='bbox 189 334 277 394; x_wconf 89' lang='lat' dir='ltr'><strong>latius</strong></span> <span class='ocrx_word' id='word_1_9' title='bbox 301 353 389 414; x_wconf 92' lang='lat' dir='ltr'><strong>quam</strong></span> <span class='ocrx_word' id='word_1_10' title='bbox 408 335 473 412; x_wconf 90' lang='lat' dir='ltr'><strong>ipsa</strong></span> <span class='ocrx_word' id='word_1_11' title='bbox 491 334 623 394; x_wconf 85' lang='lat' dir='ltr'><strong>victoria.</strong></span> <span class='ocrx_word' id='word_1_12' title='bbox 660 332 851 393; x_wconf 82' lang='lat' dir='ltr'>Marmaridas</span> <span class='ocrx_word' id='word_1_13' title='bbox 871 340 958 412; x_wconf 92' lang='lat' dir='ltr'><strong>atque</strong></span> <span class='ocrx_word' id='word_1_14' title='bbox 978 333 1066 394; x_wconf 86' lang='lat' dir='ltr'><strong>Gara·</strong></span> <span class='ocrx_word' id='word_1_15' title='bbox 1085 346 1119 396; x_wconf 90' lang='grc'>41</span> 
     </span>
     <span class='ocr_line' id='line_1_3' title="bbox 54 421 1066 501; baseline -0.003 -16"><span class='ocrx_word' id='word_1_16' title='bbox 54 432 171 485; x_wconf 90' lang='lat' dir='ltr'><strong>mantas</strong></span> <span class='ocrx_word' id='word_1_17' title='bbox 199 423 334 495; x_wconf 82' lang='lat' dir='ltr'><strong>Quirinio</strong></span> <span class='ocrx_word' id='word_1_18' title='bbox 366 422 546 501; x_wconf 90' lang='lat' dir='ltr'><strong>subigendos</strong></span> <span class='ocrx_word' id='word_1_19' title='bbox 573 421 662 481; x_wconf 85' lang='lat' dir='ltr'><strong>dedit.</strong></span> <span class='ocrx_word' id='word_1_20' title='bbox 709 424 807 499; x_wconf 90' lang='lat' dir='ltr'><strong>potuit</strong></span> <span class='ocrx_word' id='word_1_21' title='bbox 834 428 864 481; x_wconf 91' lang='lat' dir='ltr'><strong>et</strong></span> <span class='ocrx_word' id='word_1_22' title='bbox 890 421 939 482; x_wconf 91' lang='lat' dir='ltr'><strong>ille</strong></span> <span class='ocrx_word' id='word_1_23' title='bbox 967 423 1066 483; x_wconf 92' lang='lat' dir='ltr'><strong>redire</strong></span> 
     </span>
     <span class='ocr_line' id='line_1_4' title="bbox 55 510 1014 592; baseline -0.002 -19"><span class='ocrx_word' id='word_1_24' title='bbox 55 513 259 592; x_wconf 89' lang='lat' dir='ltr'><strong>Marmaricus,</strong></span> <span class='ocrx_word' id='word_1_25' title='bbox 283 512 336 572; x_wconf 90' lang='lat' dir='ltr'><strong>sed</strong></span> <span class='ocrx_word' id='word_1_26' title='bbox 359 512 520 572; x_wconf 83' lang='lat' dir='ltr'><strong>modestior</strong></span> <span class='ocrx_word' id='word_1_27' title='bbox 543 513 575 571; x_wconf 90' lang='lat' dir='ltr'><strong>in</strong></span> <span class='ocrx_word' id='word_1_28' title='bbox 599 510 781 570; x_wconf 90' lang='lat' dir='ltr'><strong>aestimanda</strong></span> <span class='ocrx_word' id='word_1_29' title='bbox 803 512 926 570; x_wconf 85' lang='lat' dir='ltr'><strong>victoria</strong></span> <span class='ocrx_word' id='word_1_30' title='bbox 949 512 1014 572; x_wconf 87' lang='lat' dir='ltr'><strong>fuit.</strong></span> 
     </span>
    </p>
   </div>
   <div class='ocr_carea' id='block_1_3' title="bbox 292 703 837 767">
    <p class='ocr_par' dir='ltr' id='par_1_3' title="bbox 292 703 837 767">
     <span class='ocr_line' id='line_1_5' title="bbox 292 703 837 767; baseline -0.004 0"><span class='ocrx_word' id='word_1_31' title='bbox 292 706 406 767; x_wconf 89' lang='lat' dir='ltr'>XXXII.</span> <span class='ocrx_word' id='word_1_32' title='bbox 439 704 588 765; x_wconf 87' lang='lat' dir='ltr'><strong><em>BELLVM</em></strong></span> <span class='ocrx_word' id='word_1_33' title='bbox 610 703 837 765; x_wconf 84' lang='lat' dir='ltr'><strong>ARMENICVM.</strong></span> 
     </span>
    </p>
   </div>
   <div class='ocr_carea' id='block_1_4' title="bbox 16 830 1122 1888">
    <p class='ocr_par' dir='ltr' id='par_1_4' title="bbox 32 830 1121 1266">
     <span class='ocr_line' id='line_1_6' title="bbox 32 830 1120 909; baseline 0.002 -20"><span class='ocrx_word' id='word_1_34' title='bbox 32 849 45 889; x_wconf 80' lang='lat' dir='ltr'><strong>s</strong></span> <span class='ocrx_word' id='word_1_35' title='bbox 124 832 168 892; x_wconf 93' lang='lat' dir='ltr'><strong>Ad</strong></span> <span class='ocrx_word' id='word_1_36' title='bbox 192 833 335 891; x_wconf 81' lang='lat' dir='ltr'><strong>orientem</strong></span> <span class='ocrx_word' id='word_1_37' title='bbox 358 830 426 909; x_wconf 91' lang='lat' dir='ltr'><strong>plus</strong></span> <span class='ocrx_word' id='word_1_38' title='bbox 449 831 561 908; x_wconf 91' lang='lat' dir='ltr'><strong>negotii</strong></span> <span class='ocrx_word' id='word_1_39' title='bbox 583 848 650 889; x_wconf 89' lang='lat' dir='ltr'><strong>oum</strong></span> <span class='ocrx_word' id='word_1_40' title='bbox 669 830 825 889; x_wconf 80' lang='lat' dir='ltr'><strong>Armeniis.</strong></span> <span class='ocrx_word' id='word_1_41' title='bbox 862 830 920 890; x_wconf 87' lang='lat' dir='ltr'><strong>hnc</strong></span> <span class='ocrx_word' id='word_1_42' title='bbox 943 830 1068 890; x_wconf 90' lang='lat' dir='ltr'><strong>alterum</strong></span> <span class='ocrx_word' id='word_1_43' title='bbox 1086 843 1120 892; x_wconf 79' lang='lat'><strong>42</strong></span> 
     </span>
     <span class='ocr_line' id='line_1_7' title="bbox 58 918 1068 1000; baseline -0.002 -19"><span class='ocrx_word' id='word_1_44' title='bbox 58 940 95 982; x_wconf 85' lang='lat' dir='ltr'><strong>ex</strong></span> <span class='ocrx_word' id='word_1_45' title='bbox 119 919 308 999; x_wconf 82' lang='lat' dir='ltr'><strong>Caesaribus,</strong></span> <span class='ocrx_word' id='word_1_46' title='bbox 335 919 494 998; x_wconf 88' lang='lat' dir='ltr'><strong>nepotibus</strong></span> <span class='ocrx_word' id='word_1_47' title='bbox 522 920 598 1000; x_wconf 92' lang='lat' dir='ltr'><strong>suis,</strong></span> <span class='ocrx_word' id='word_1_48' title='bbox 626 920 714 978; x_wconf 89' lang='lat' dir='ltr'><strong>misit.</strong></span> <span class='ocrx_word' id='word_1_49' title='bbox 763 918 848 978; x_wconf 92' lang='lat' dir='ltr'><strong>ambo</strong></span> <span class='ocrx_word' id='word_1_50' title='bbox 872 919 930 978; x_wconf 90' lang='lat' dir='ltr'><strong>fato</strong></span> <span class='ocrx_word' id='word_1_51' title='bbox 953 918 1068 999; x_wconf 79' lang='lat' dir='ltr'><strong>breveS,</strong></span> 
     </span>
     <span class='ocr_line' id='line_1_8' title="bbox 59 1006 1068 1087; baseline -0.003 -17"><span class='ocrx_word' id='word_1_52' title='bbox 59 1016 106 1070; x_wconf 90' lang='lat' dir='ltr'><strong>set</strong></span> <span class='ocrx_word' id='word_1_53' title='bbox 134 1008 208 1070; x_wconf 88' lang='lat' dir='ltr'><strong>alter</strong></span> <span class='ocrx_word' id='word_1_54' title='bbox 234 1007 387 1087; x_wconf 83' lang='lat' dir='ltr'><strong>inglorius</strong></span> <span class='ocrx_word' id='word_1_55' title='bbox 433 1007 580 1068; x_wconf 88' lang='lat' dir='ltr'><strong>Massiliae</strong></span> <span class='ocrx_word' id='word_1_56' title='bbox 609 1009 718 1087; x_wconf 86' lang='lat' dir='ltr'><strong>quippe</strong></span> <span class='ocrx_word' id='word_1_57' title='bbox 746 1006 848 1067; x_wconf 92' lang='lat' dir='ltr'><strong>morbo</strong></span> <span class='ocrx_word' id='word_1_58' title='bbox 871 1007 982 1069; x_wconf 86' lang='lat' dir='ltr'><strong>Lucius</strong></span> <span class='ocrx_word' id='word_1_59' title='bbox 1010 1008 1068 1068; x_wconf 93' lang='lat' dir='ltr'><strong>sol-</strong></span> 
     </span>
     <span class='ocr_line' id='line_1_9' title="bbox 58 1095 1069 1178; baseline 0 -21"><span class='ocrx_word' id='word_1_60' title='bbox 58 1101 147 1178; x_wconf 86' lang='lat' dir='ltr'><strong>vitur,</strong></span> <span class='ocrx_word' id='word_1_61' title='bbox 170 1100 201 1158; x_wconf 92' lang='lat' dir='ltr'><strong>in</strong></span> <span class='ocrx_word' id='word_1_62' title='bbox 224 1097 308 1176; x_wconf 79' lang='lat' dir='ltr'><strong>Syria</strong></span> <span class='ocrx_word' id='word_1_63' title='bbox 327 1096 416 1156; x_wconf 88' lang='lat' dir='ltr'><strong>Gaius</strong></span> <span class='ocrx_word' id='word_1_64' title='bbox 440 1115 475 1156; x_wconf 81' lang='lat' dir='ltr'><strong>er</strong></span> <span class='ocrx_word' id='word_1_65' title='bbox 498 1096 618 1156; x_wconf 87' lang='lat' dir='ltr'><strong>volnere</strong></span> <span class='ocrx_word' id='word_1_66' title='bbox 642 1095 790 1177; x_wconf 86' lang='lat' dir='ltr'><strong>occubuit,</strong></span> <span class='ocrx_word' id='word_1_67' title='bbox 813 1114 881 1157; x_wconf 89' lang='lat' dir='ltr'><strong>eum</strong></span> <span class='ocrx_word' id='word_1_68' title='bbox 899 1096 1069 1158; x_wconf 81' lang='lat' dir='ltr'><strong>Armeniam</strong></span> 
     </span>
     <span class='ocr_line' id='line_1_10' title="bbox 59 1184 1121 1266; baseline 0 -19"><span class='ocrx_word' id='word_1_69' title='bbox 59 1186 95 1247; x_wconf 92' lang='lat' dir='ltr'><strong>ad</strong></span> <span class='ocrx_word' id='word_1_70' title='bbox 114 1187 238 1247; x_wconf 88' lang='lat' dir='ltr'><strong>Parthos</strong></span> <span class='ocrx_word' id='word_1_71' title='bbox 263 1205 294 1245; x_wconf 94' lang='lat' dir='ltr'><strong>se</strong></span> <span class='ocrx_word' id='word_1_72' title='bbox 318 1184 540 1246; x_wconf 89' lang='lat' dir='ltr'><strong>subtrahentem</strong></span> <span class='ocrx_word' id='word_1_73' title='bbox 563 1187 684 1264; x_wconf 86' lang='lat' dir='ltr'><strong>recepit.</strong></span> <span class='ocrx_word' id='word_1_74' title='bbox 721 1185 877 1245; x_wconf 91' lang='lat' dir='ltr'><strong>Armenios</strong></span> <span class='ocrx_word' id='word_1_75' title='bbox 900 1188 977 1246; x_wconf 87' lang='lat' dir='ltr'><strong>victo</strong></span> <span class='ocrx_word' id='word_1_76' title='bbox 998 1205 1067 1266; x_wconf 90' lang='lat' dir='ltr'><strong>rege</strong></span> <span class='ocrx_word' id='word_1_77' title='bbox 1087 1199 1121 1247; x_wconf 77' lang='grc'>41</span> 
     </span>
    </p>

    <p class='ocr_par' dir='ltr' id='par_1_5' title="bbox 22 1273 1122 1711">
     <span class='ocr_line' id='line_1_11' title="bbox 22 1273 1068 1354; baseline 0.007 -25"><span class='ocrx_word' id='word_1_78' title='bbox 22 1291 44 1332; x_wconf 83' lang='grc' dir='ltr'><strong>ιο</strong></span> <span class='ocrx_word' id='word_1_79' title='bbox 57 1276 186 1354; x_wconf 82' lang='lat' dir='ltr'><strong>Tigrane</strong></span> <span class='ocrx_word' id='word_1_80' title='bbox 215 1277 246 1334; x_wconf 90' lang='lat' dir='ltr'><strong>in</strong></span> <span class='ocrx_word' id='word_1_81' title='bbox 274 1275 329 1334; x_wconf 93' lang='lat' dir='ltr'><strong>hoc</strong></span> <span class='ocrx_word' id='word_1_82' title='bbox 357 1292 451 1334; x_wconf 88' lang='lat' dir='ltr'><strong>unum</strong></span> <span class='ocrx_word' id='word_1_83' title='bbox 479 1275 629 1334; x_wconf 88' lang='lat' dir='ltr'><strong>servitutis</strong></span> <span class='ocrx_word' id='word_1_84' title='bbox 657 1292 750 1352; x_wconf 91' lang='lat' dir='ltr'><strong>genus</strong></span> <span class='ocrx_word' id='word_1_85' title='bbox 777 1273 935 1352; x_wconf 91' lang='lat' dir='ltr'><strong>Pompeius</strong></span> <span class='ocrx_word' id='word_1_86' title='bbox 964 1275 1068 1336; x_wconf 93' lang='lat' dir='ltr'><strong>adsue-</strong></span> 
     </span>
     <span class='ocr_line' id='line_1_12' title="bbox 57 1361 1068 1445; baseline -0.001 -21"><span class='ocrx_word' id='word_1_87' title='bbox 57 1371 154 1445; x_wconf 92' lang='lat' dir='ltr'><strong>verat,</strong></span> <span class='ocrx_word' id='word_1_88' title='bbox 182 1371 215 1424; x_wconf 89' lang='lat' dir='ltr'><strong>ut</strong></span> <span class='ocrx_word' id='word_1_89' title='bbox 242 1370 373 1423; x_wconf 84' lang='lat' dir='ltr'><strong>restores</strong></span> <span class='ocrx_word' id='word_1_90' title='bbox 400 1361 524 1423; x_wconf 92' lang='lat' dir='ltr'><strong>anobis</strong></span> <span class='ocrx_word' id='word_1_91' title='bbox 548 1364 723 1440; x_wconf 89' lang='lat' dir='ltr'><strong>acciperent.</strong></span> <span class='ocrx_word' id='word_1_92' title='bbox 769 1364 974 1423; x_wconf 89' lang='lat' dir='ltr'><strong>intermissum</strong></span> <span class='ocrx_word' id='word_1_93' title='bbox 997 1382 1068 1443; x_wconf 90' lang='lat' dir='ltr'><strong>ergo</strong></span> 
     </span>
     <span class='ocr_line' id='line_1_13' title="bbox 57 1452 1067 1532; baseline -0.002 -19"><span class='ocrx_word' id='word_1_94' title='bbox 57 1456 107 1513; x_wconf 92' lang='lat' dir='ltr'><strong>ius</strong></span> <span class='ocrx_word' id='word_1_95' title='bbox 144 1471 198 1532; x_wconf 95' lang='lat' dir='ltr'><strong>per</strong></span> <span class='ocrx_word' id='word_1_96' title='bbox 234 1452 313 1512; x_wconf 92' lang='lat' dir='ltr'><strong>hunc</strong></span> <span class='ocrx_word' id='word_1_97' title='bbox 351 1459 558 1530; x_wconf 85' lang='lat' dir='ltr'><strong>recuperatum</strong></span> <span class='ocrx_word' id='word_1_98' title='bbox 590 1469 649 1510; x_wconf 94' lang='lat' dir='ltr'><strong>non</strong></span> <span class='ocrx_word' id='word_1_99' title='bbox 681 1453 852 1530; x_wconf 88' lang='lat' dir='ltr'><strong>incruento,</strong></span> <span class='ocrx_word' id='word_1_100' title='bbox 889 1469 944 1512; x_wconf 89' lang='lat' dir='ltr'><strong>neo</strong></span> <span class='ocrx_word' id='word_1_101' title='bbox 976 1452 1067 1513; x_wconf 92' lang='lat' dir='ltr'><strong>multo</strong></span> 
     </span>
     <span class='ocr_line' id='line_1_14' title="bbox 56 1539 1122 1621; baseline 0 -19"><span class='ocrx_word' id='word_1_102' title='bbox 56 1549 159 1602; x_wconf 92' lang='lat' dir='ltr'><strong>tamen</strong></span> <span class='ocrx_word' id='word_1_103' title='bbox 191 1542 360 1601; x_wconf 88' lang='lat' dir='ltr'><strong>certamine.</strong></span> <span class='ocrx_word' id='word_1_104' title='bbox 411 1541 519 1619; x_wconf 91' lang='lat' dir='ltr'><strong>quippe</strong></span> <span class='ocrx_word' id='word_1_105' title='bbox 551 1539 682 1621; x_wconf 81' lang='lat' dir='ltr'><strong>Donnes,</strong></span> <span class='ocrx_word' id='word_1_106' title='bbox 715 1558 803 1618; x_wconf 91' lang='lat' dir='ltr'><strong>quem</strong></span> <span class='ocrx_word' id='word_1_107' title='bbox 834 1557 886 1600; x_wconf 85' lang='lat' dir='ltr'><strong>rex</strong></span> <span class='ocrx_word' id='word_1_108' title='bbox 917 1540 1068 1619; x_wconf 85' lang='lat' dir='ltr'><strong>Artageris</strong></span> <span class='ocrx_word' id='word_1_109' title='bbox 1086 1553 1122 1602; x_wconf 86' lang='grc'><strong>44</strong></span> 
     </span>
     <span class='ocr_line' id='line_1_15' title="bbox 57 1628 1069 1711; baseline 0 -21"><span class='ocrx_word' id='word_1_110' title='bbox 57 1631 255 1711; x_wconf 80' lang='lat' dir='ltr'><strong>praefecerat,</strong></span> <span class='ocrx_word' id='word_1_111' title='bbox 288 1628 424 1689; x_wconf 91' lang='lat' dir='ltr'><strong>simulata</strong></span> <span class='ocrx_word' id='word_1_112' title='bbox 453 1628 621 1708; x_wconf 89' lang='lat' dir='ltr'><strong>proditione</strong></span> <span class='ocrx_word' id='word_1_113' title='bbox 649 1628 768 1689; x_wconf 89' lang='lat' dir='ltr'><strong>adortus</strong></span> <span class='ocrx_word' id='word_1_114' title='bbox 797 1630 894 1688; x_wconf 86' lang='lat' dir='ltr'><strong>virum</strong></span> <span class='ocrx_word' id='word_1_115' title='bbox 921 1631 1069 1690; x_wconf 89' lang='lat' dir='ltr'><strong>intentum</strong></span> 
     </span>
    </p>

    <p class='ocr_par' dir='ltr' id='par_1_6' title="bbox 16 1718 1070 1888">
     <span class='ocr_line' id='line_1_16' title="bbox 16 1718 1068 1800; baseline 0.005 -27"><span class='ocrx_word' id='word_1_116' title='bbox 16 1732 43 1773; x_wconf 84' lang='lat' dir='ltr'><strong>rs</strong></span> <span class='ocrx_word' id='word_1_117' title='bbox 58 1718 173 1800; x_wconf 84' lang='lat' dir='ltr'><strong>libello,</strong></span> <span class='ocrx_word' id='word_1_118' title='bbox 202 1737 289 1797; x_wconf 93' lang='lat' dir='ltr'><strong>quem</strong></span> <span class='ocrx_word' id='word_1_119' title='bbox 317 1725 350 1778; x_wconf 94' lang='lat' dir='ltr'><strong>ut</strong></span> <span class='ocrx_word' id='word_1_120' title='bbox 375 1718 604 1777; x_wconf 89' lang='lat' dir='ltr'><strong>thensaurorum</strong></span> <span class='ocrx_word' id='word_1_121' title='bbox 626 1719 756 1778; x_wconf 91' lang='lat' dir='ltr'><strong>rationes</strong></span> <span class='ocrx_word' id='word_1_122' title='bbox 780 1720 981 1778; x_wconf 89' lang='lat' dir='ltr'><strong>continentem</strong></span> <span class='ocrx_word' id='word_1_123' title='bbox 1003 1721 1068 1797; x_wconf 91' lang='lat' dir='ltr'><strong>ipse</strong></span> 
     </span>
     <span class='ocr_line' id='line_1_17' title="bbox 57 1805 1070 1888; baseline -0.001 -20"><span class='ocrx_word' id='word_1_124' title='bbox 57 1815 246 1888; x_wconf 83' lang='lat' dir='ltr'><strong>porrexerat,</strong></span> <span class='ocrx_word' id='word_1_125' title='bbox 274 1809 377 1868; x_wconf 89' lang='lat' dir='ltr'><strong>stricto</strong></span> <span class='ocrx_word' id='word_1_126' title='bbox 405 1813 527 1885; x_wconf 89' lang='lat' dir='ltr'><strong>repente</strong></span> <span class='ocrx_word' id='word_1_127' title='bbox 553 1806 632 1865; x_wconf 79' lang='lat' dir='ltr'><strong>terro</strong></span> <span class='ocrx_word' id='word_1_128' title='bbox 657 1805 756 1866; x_wconf 90' lang='lat' dir='ltr'><strong>subiit.</strong></span> <span class='ocrx_word' id='word_1_129' title='bbox 803 1814 832 1867; x_wconf 93' lang='lat' dir='ltr'><strong>et</strong></span> <span class='ocrx_word' id='word_1_130' title='bbox 854 1813 925 1867; x_wconf 91' lang='lat' dir='ltr'><strong>tuno</strong></span> <span class='ocrx_word' id='word_1_131' title='bbox 949 1807 1070 1886; x_wconf 91' lang='lat' dir='ltr'><strong>quidem</strong></span> 
     </span>
    </p>
   </div>
   <div class='ocr_carea' id='block_1_5' title="bbox 58 1958 1074 2669">
    <p class='ocr_par' dir='ltr' id='par_1_7' title="bbox 58 1958 1074 2669">
     <span class='ocr_line' id='line_1_18' title="bbox 134 1958 1069 2031; baseline 0 -16"><span class='ocrx_word' id='word_1_132' title='bbox 134 1967 147 2014; x_wconf 94' lang='lat'>1</span> <span class='ocrx_word' id='word_1_133' title='bbox 166 1961 279 2031; x_wconf 90' lang='lat' dir='ltr'><strong>nomen]</strong></span> <span class='ocrx_word' id='word_1_134' title='bbox 299 1959 339 2013; x_wconf 90' lang='lat' dir='ltr'><strong>eis</strong></span> <span class='ocrx_word' id='word_1_135' title='bbox 358 1959 419 2028; x_wconf 69' lang='lat'><strong>13¹1</strong></span> <span class='ocrx_word' id='word_1_136' title='bbox 440 1958 542 2013; x_wconf 85' lang='lat' dir='ltr'><strong>clarius</strong></span> <span class='ocrx_word' id='word_1_137' title='bbox 561 1975 647 2026; x_wconf 88' lang='lat' dir='ltr'><strong>quam</strong></span> <span class='ocrx_word' id='word_1_138' title='bbox 664 1975 715 2027; x_wconf 90' lang='lat' dir='ltr'><strong>pro</strong></span> <span class='ocrx_word' id='word_1_139' title='bbox 734 1959 797 2029; x_wconf 89' lang='lat' dir='ltr'><strong>ipsa</strong></span> <span class='ocrx_word' id='word_1_140' title='bbox 814 1958 934 2014; x_wconf 82' lang='lat' dir='ltr'><strong>victoria</strong></span> <span class='ocrx_word' id='word_1_141' title='bbox 952 1960 1069 2015; x_wconf 80' lang='lat' dir='ltr'><strong>Berrau-</strong></span> 
     </span>
     <span class='ocr_line' id='line_1_19' title="bbox 58 2029 1074 2103; baseline -0.002 -14"><span class='ocrx_word' id='word_1_142' title='bbox 58 2035 186 2103; x_wconf 75' lang='lat' dir='ltr'><strong>berperus</strong></span> <span class='ocrx_word' id='word_1_143' title='bbox 202 2035 206 2102; x_wconf 97' lang='grc'><strong>1</strong></span> <span class='ocrx_word' id='word_1_144' title='bbox 222 2048 307 2100; x_wconf 89' lang='lat' dir='ltr'><strong>quam</strong></span> <span class='ocrx_word' id='word_1_145' title='bbox 325 2048 375 2086; x_wconf 83' lang='lat' dir='ltr'><strong>ora.</strong></span> <span class='ocrx_word' id='word_1_146' title='bbox 390 2030 424 2084; x_wconf 90' lang='lat' dir='ltr'><strong><em>N</em></strong></span> <span class='ocrx_word' id='word_1_147' title='bbox 436 2033 440 2099; x_wconf 97' lang='grc'><strong>1</strong></span> <span class='ocrx_word' id='word_1_148' title='bbox 457 2029 520 2100; x_wconf 87' lang='lat' dir='ltr'><strong>ipsa</strong></span> <span class='ocrx_word' id='word_1_149' title='bbox 538 2047 587 2084; x_wconf 77' lang='lat' dir='ltr'><strong>erre.</strong></span> <span class='ocrx_word' id='word_1_150' title='bbox 606 2029 645 2099; x_wconf 99' lang='grc'><strong>01</strong></span> <span class='ocrx_word' id='word_1_151' title='bbox 661 2032 741 2099; x_wconf 88' lang='lat' dir='ltr'><strong>patet</strong></span> <span class='ocrx_word' id='word_1_152' title='bbox 754 2037 818 2099; x_wconf 80' lang='lat' dir='ltr'><strong>post</strong></span> <span class='ocrx_word' id='word_1_153' title='bbox 835 2030 956 2084; x_wconf 86' lang='lat' dir='ltr'><strong>uictoria</strong></span> <span class='ocrx_word' id='word_1_154' title='bbox 970 2033 1033 2086; x_wconf 83' lang='lat' dir='ltr'><strong>add.</strong></span> <span class='ocrx_word' id='word_1_155' title='bbox 1050 2030 1074 2087; x_wconf 93' lang='grc'>0</span> 
     </span>
     <span class='ocr_line' id='line_1_20' title="bbox 58 2100 1071 2172; baseline -0.002 -14"><span class='ocrx_word' id='word_1_156' title='bbox 58 2101 181 2158; x_wconf 84' lang='lat' dir='ltr'><strong>victoria</strong></span> <span class='ocrx_word' id='word_1_157' title='bbox 192 2148 197 2158; x_wconf 89' lang='lat'><strong>.</strong></span> <span class='ocrx_word' id='word_1_158' title='bbox 207 2101 315 2172; x_wconf 87' lang='lat' dir='ltr'><strong>pariter</strong></span> <span class='ocrx_word' id='word_1_159' title='bbox 332 2103 451 2156; x_wconf 76' lang='lat' dir='ltr'><strong>Iahnius</strong></span> <span class='ocrx_word' id='word_1_160' title='bbox 473 2104 477 2170; x_wconf 96' lang='grc'><strong>1</strong></span> <span class='ocrx_word' id='word_1_161' title='bbox 498 2114 527 2154; x_wconf 64' lang='lat' dir='ltr'><strong>n*</strong></span> <span class='ocrx_word' id='word_1_162' title='bbox 541 2114 810 2156; x_wconf 75' lang='lat' dir='ltr'><strong>uancouanurenu</strong></span> <span class='ocrx_word' id='word_1_163' title='bbox 829 2108 892 2155; x_wconf 79' lang='lat' dir='ltr'><strong>erte</strong></span> <span class='ocrx_word' id='word_1_164' title='bbox 909 2100 1071 2156; x_wconf 83' lang='lat' dir='ltr'><strong>Marmarici</strong></span> 
     </span>
     <span class='ocr_line' id='line_1_21' title="bbox 59 2170 1069 2245; baseline -0.002 -15"><span class='ocrx_word' id='word_1_165' title='bbox 59 2177 119 2245; x_wconf 79' lang='lat' dir='ltr'><strong>(sie)</strong></span> <span class='ocrx_word' id='word_1_166' title='bbox 138 2175 201 2229; x_wconf 83' lang='lat' dir='ltr'><strong>add.</strong></span> <span class='ocrx_word' id='word_1_167' title='bbox 216 2174 244 2227; x_wconf 97' lang='grc' dir='ltr'><strong><em>Β</em></strong></span> <span class='ocrx_word' id='word_1_168' title='bbox 260 2177 264 2243; x_wconf 96' lang='grc'><strong>1</strong></span> <span class='ocrx_word' id='word_1_169' title='bbox 280 2173 459 2243; x_wconf 80' lang='lat' dir='ltr'><strong>garamantes</strong></span> <span class='ocrx_word' id='word_1_170' title='bbox 479 2170 506 2225; x_wconf 80' lang='lat' dir='ltr'><strong>A</strong></span> <span class='ocrx_word' id='word_1_171' title='bbox 529 2173 538 2241; x_wconf 96' lang='grc'><strong>11</strong></span> <span class='ocrx_word' id='word_1_172' title='bbox 558 2177 574 2224; x_wconf 80' lang='lat'><strong>2</strong></span> <span class='ocrx_word' id='word_1_173' title='bbox 594 2170 703 2239; x_wconf 89' lang='lat' dir='ltr'><strong>quirino</strong></span> <span class='ocrx_word' id='word_1_174' title='bbox 722 2172 808 2227; x_wconf 76' lang='lat' dir='ltr'><strong>Reae.</strong></span> <span class='ocrx_word' id='word_1_175' title='bbox 828 2170 950 2240; x_wconf 78' lang='lat' dir='ltr'><strong>quirjnio</strong></span> <span class='ocrx_word' id='word_1_176' title='bbox 969 2172 1004 2226; x_wconf 90' lang='lat' dir='ltr'><strong><em>N</em></strong></span> <span class='ocrx_word' id='word_1_177' title='bbox 1017 2190 1069 2228; x_wconf 88' lang='lat' dir='ltr'><strong>om.</strong></span> 
     </span>
     <span class='ocr_line' id='line_1_22' title="bbox 59 2241 1070 2316; baseline -0.003 -15"><span class='ocrx_word' id='word_1_178' title='bbox 59 2247 151 2316; x_wconf 79' lang='lat' dir='ltr'><strong>spatio</strong></span> <span class='ocrx_word' id='word_1_179' title='bbox 168 2246 262 2300; x_wconf 81' lang='lat' dir='ltr'><strong>relicto</strong></span> <span class='ocrx_word' id='word_1_180' title='bbox 275 2244 304 2297; x_wconf 97' lang='grc' dir='ltr'><strong><em>Β</em></strong></span> <span class='ocrx_word' id='word_1_181' title='bbox 322 2243 429 2298; x_wconf 90' lang='lat' dir='ltr'><strong>curinio</strong></span> <span class='ocrx_word' id='word_1_182' title='bbox 444 2243 471 2296; x_wconf 99' lang='lat' dir='ltr'><strong><em>L</em></strong></span> <span class='ocrx_word' id='word_1_183' title='bbox 485 2242 559 2297; x_wconf 86' lang='lat' dir='ltr'><strong>Voss.</strong></span> <span class='ocrx_word' id='word_1_184' title='bbox 574 2243 684 2298; x_wconf 81' lang='lat' dir='ltr'><strong>Morene.</strong></span> <span class='ocrx_word' id='word_1_185' title='bbox 700 2242 792 2298; x_wconf 81' lang='lat' dir='ltr'><strong>Patet.</strong></span> <span class='ocrx_word' id='word_1_186' title='bbox 808 2241 935 2297; x_wconf 84' lang='lat' dir='ltr'><strong>Cornelio</strong></span> <span class='ocrx_word' id='word_1_187' title='bbox 950 2243 1070 2313; x_wconf 80' lang='lat' dir='ltr'><strong>Nipper-</strong></span> 
     </span>
     <span class='ocr_line' id='line_1_23' title="bbox 60 2313 1070 2396; baseline -0.003 -24"><span class='ocrx_word' id='word_1_188' title='bbox 60 2319 139 2372; x_wconf 82' lang='lat' dir='ltr'><strong>dec&#39;rrs</strong></span> <span class='ocrx_word' id='word_1_189' title='bbox 160 2316 261 2370; x_wconf 80' lang='lat' dir='ltr'><strong>Philet.</strong></span> <span class='ocrx_word' id='word_1_190' title='bbox 276 2317 298 2368; x_wconf 92' lang='lat' dir='ltr'><strong><em>I</em></strong></span> <span class='ocrx_word' id='word_1_191' title='bbox 310 2316 418 2396; x_wconf 79' lang='grc'>[1846]</span> <span class='ocrx_word' id='word_1_192' title='bbox 435 2332 462 2384; x_wconf 80' lang='lat' dir='ltr'><strong>p.</strong></span> <span class='ocrx_word' id='word_1_193' title='bbox 479 2319 533 2368; x_wconf 85' lang='lat'><strong>670</strong></span> <span class='ocrx_word' id='word_1_194' title='bbox 562 2315 566 2381; x_wconf 97' lang='grc'><strong>1</strong></span> <span class='ocrx_word' id='word_1_195' title='bbox 595 2313 770 2383; x_wconf 87' lang='lat' dir='ltr'><strong>subegendos</strong></span> <span class='ocrx_word' id='word_1_196' title='bbox 791 2314 820 2367; x_wconf 98' lang='grc' dir='ltr'><strong><em>Β</em></strong></span> <span class='ocrx_word' id='word_1_197' title='bbox 849 2316 852 2382; x_wconf 96' lang='grc'><strong>1</strong></span> <span class='ocrx_word' id='word_1_198' title='bbox 881 2315 947 2382; x_wconf 90' lang='lat' dir='ltr'><strong>post</strong></span> <span class='ocrx_word' id='word_1_199' title='bbox 970 2316 999 2367; x_wconf 92' lang='lat' dir='ltr'><strong>et</strong></span> <span class='ocrx_word' id='word_1_200' title='bbox 1020 2313 1070 2369; x_wconf 91' lang='lat' dir='ltr'><strong>ille</strong></span> 
     </span>
     <span class='ocr_line' id='line_1_24' title="bbox 60 2384 1071 2458; baseline -0.003 -16"><span class='ocrx_word' id='word_1_201' title='bbox 60 2389 101 2442; x_wconf 92' lang='lat' dir='ltr'><strong>B¹</strong></span> <span class='ocrx_word' id='word_1_202' title='bbox 120 2389 129 2457; x_wconf 95' lang='grc'><strong>11</strong></span> <span class='ocrx_word' id='word_1_203' title='bbox 152 2391 168 2440; x_wconf 82' lang='grc'><strong><em>3</em></strong></span> <span class='ocrx_word' id='word_1_204' title='bbox 190 2402 372 2440; x_wconf 85' lang='lat' dir='ltr'><strong>marmaneus</strong></span> <span class='ocrx_word' id='word_1_205' title='bbox 391 2387 481 2455; x_wconf 80' lang='lat' dir='ltr'><strong>spatio</strong></span> <span class='ocrx_word' id='word_1_206' title='bbox 498 2386 592 2439; x_wconf 80' lang='lat' dir='ltr'><strong>relicto</strong></span> <span class='ocrx_word' id='word_1_207' title='bbox 610 2401 660 2439; x_wconf 85' lang='lat' dir='ltr'><strong>om.</strong></span> <span class='ocrx_word' id='word_1_208' title='bbox 675 2386 703 2439; x_wconf 97' lang='grc' dir='ltr'><strong><em>Β</em></strong></span> <span class='ocrx_word' id='word_1_209' title='bbox 725 2388 730 2454; x_wconf 94' lang='grc'><strong>1</strong></span> <span class='ocrx_word' id='word_1_210' title='bbox 752 2401 809 2438; x_wconf 90' lang='lat' dir='ltr'><strong>una</strong></span> <span class='ocrx_word' id='word_1_211' title='bbox 828 2384 985 2439; x_wconf 88' lang='lat' dir='ltr'><strong>estimanda</strong></span> <span class='ocrx_word' id='word_1_212' title='bbox 1003 2386 1044 2439; x_wconf 88' lang='lat' dir='ltr'><strong>B¹</strong></span> <span class='ocrx_word' id='word_1_213' title='bbox 1062 2385 1071 2458; x_wconf 92' lang='grc'><strong>11</strong></span> 
     </span>
     <span class='ocr_line' id='line_1_25' title="bbox 60 2455 1071 2526; baseline -0.003 -13"><span class='ocrx_word' id='word_1_214' title='bbox 60 2464 78 2512; x_wconf 88' lang='grc'>4</span> <span class='ocrx_word' id='word_1_215' title='bbox 97 2476 146 2513; x_wconf 84' lang='lat' dir='ltr'><strong>ora.</strong></span> <span class='ocrx_word' id='word_1_216' title='bbox 164 2457 318 2512; x_wconf 83' lang='lat' dir='ltr'>OXXXHI</span> <span class='ocrx_word' id='word_1_217' title='bbox 335 2459 363 2510; x_wconf 93' lang='lat' dir='ltr'><strong><em>B</em></strong></span> <span class='ocrx_word' id='word_1_218' title='bbox 385 2459 395 2526; x_wconf 97' lang='grc'><strong>11</strong></span> <span class='ocrx_word' id='word_1_219' title='bbox 418 2462 433 2510; x_wconf 92' lang='grc'><strong>6</strong></span> <span class='ocrx_word' id='word_1_220' title='bbox 452 2455 496 2510; x_wconf 91' lang='lat' dir='ltr'><strong>uis</strong></span> <span class='ocrx_word' id='word_1_221' title='bbox 514 2456 542 2509; x_wconf 93' lang='grc' dir='ltr'><strong><em>Β</em></strong></span> <span class='ocrx_word' id='word_1_222' title='bbox 565 2457 574 2525; x_wconf 96' lang='grc'><strong>11</strong></span> <span class='ocrx_word' id='word_1_223' title='bbox 598 2461 613 2508; x_wconf 80' lang='grc'>7</span> <span class='ocrx_word' id='word_1_224' title='bbox 632 2455 682 2509; x_wconf 91' lang='lat' dir='ltr'><strong>sed</strong></span> <span class='ocrx_word' id='word_1_225' title='bbox 700 2456 727 2509; x_wconf 87' lang='lat' dir='ltr'><strong><em>L</em></strong></span> <span class='ocrx_word' id='word_1_226' title='bbox 743 2457 747 2523; x_wconf 96' lang='grc'><strong>1</strong></span> <span class='ocrx_word' id='word_1_227' title='bbox 762 2455 903 2509; x_wconf 84' lang='lat' dir='ltr'><strong>massiniae</strong></span> <span class='ocrx_word' id='word_1_228' title='bbox 924 2455 964 2525; x_wconf 92' lang='grc'><strong>01</strong></span> <span class='ocrx_word' id='word_1_229' title='bbox 980 2455 1071 2510; x_wconf 89' lang='lat' dir='ltr'><strong>lucius</strong></span> 
     </span>
     <span class='ocr_line' id='line_1_26' title="bbox 59 2526 1071 2598; baseline 0 -15"><span class='ocrx_word' id='word_1_230' title='bbox 59 2545 167 2584; x_wconf 91' lang='lat' dir='ltr'><strong>mormo</strong></span> <span class='ocrx_word' id='word_1_231' title='bbox 191 2529 219 2598; x_wconf 88' lang='lat' dir='ltr'><strong>(b</strong></span> <span class='ocrx_word' id='word_1_232' title='bbox 242 2545 329 2598; x_wconf 81' lang='lat' dir='ltr'><strong>supra</strong></span> <span class='ocrx_word' id='word_1_233' title='bbox 346 2530 522 2598; x_wconf 78' lang='lat' dir='ltr'><strong>posteriorem</strong></span> <span class='ocrx_word' id='word_1_234' title='bbox 544 2544 573 2579; x_wconf 93' lang='lat' dir='ltr'><strong>m</strong></span> <span class='ocrx_word' id='word_1_235' title='bbox 595 2544 629 2581; x_wconf 84' lang='lat' dir='ltr'><strong>m.</strong></span> <span class='ocrx_word' id='word_1_236' title='bbox 649 2529 679 2597; x_wconf 80' lang='lat'><strong>2)</strong></span> <span class='ocrx_word' id='word_1_237' title='bbox 703 2526 737 2579; x_wconf 89' lang='lat' dir='ltr'><strong><em>N</em></strong></span> <span class='ocrx_word' id='word_1_238' title='bbox 754 2526 841 2580; x_wconf 82' lang='lat' dir='ltr'><strong>tutius</strong></span> <span class='ocrx_word' id='word_1_239' title='bbox 865 2526 962 2580; x_wconf 92' lang='lat' dir='ltr'><strong>morbo</strong></span> <span class='ocrx_word' id='word_1_240' title='bbox 981 2528 1008 2582; x_wconf 94' lang='lat' dir='ltr'><strong><em>L</em></strong></span> <span class='ocrx_word' id='word_1_241' title='bbox 1027 2529 1071 2597; x_wconf 88' lang='grc'><strong>118</strong></span> 
     </span>
     <span class='ocr_line' id='line_1_27' title="bbox 61 2597 1073 2669; baseline -0.002 -14"><span class='ocrx_word' id='word_1_242' title='bbox 61 2600 131 2656; x_wconf 82' lang='lat' dir='ltr'><strong>siria</strong></span> <span class='ocrx_word' id='word_1_243' title='bbox 148 2601 175 2654; x_wconf 92' lang='lat' dir='ltr'><strong><em>L</em></strong></span> <span class='ocrx_word' id='word_1_244' title='bbox 191 2603 195 2669; x_wconf 97' lang='grc'><strong>1</strong></span> <span class='ocrx_word' id='word_1_245' title='bbox 212 2616 246 2653; x_wconf 85' lang='lat' dir='ltr'><strong>ex</strong></span> <span class='ocrx_word' id='word_1_246' title='bbox 264 2599 379 2654; x_wconf 90' lang='lat' dir='ltr'><strong>uulnere</strong></span> <span class='ocrx_word' id='word_1_247' title='bbox 397 2601 426 2654; x_wconf 97' lang='grc' dir='ltr'><strong><em>Β</em></strong></span> <span class='ocrx_word' id='word_1_248' title='bbox 444 2597 596 2654; x_wconf 86' lang='lat' dir='ltr'><strong>exuliinere</strong></span> <span class='ocrx_word' id='word_1_249' title='bbox 610 2597 637 2651; x_wconf 94' lang='lat' dir='ltr'><strong><em>L</em></strong></span> <span class='ocrx_word' id='word_1_250' title='bbox 652 2601 657 2667; x_wconf 94' lang='grc'><strong>1</strong></span> <span class='ocrx_word' id='word_1_251' title='bbox 673 2597 805 2652; x_wconf 90' lang='lat' dir='ltr'><strong>occubuit</strong></span> <span class='ocrx_word' id='word_1_252' title='bbox 823 2615 873 2653; x_wconf 86' lang='lat' dir='ltr'><strong>om.</strong></span> <span class='ocrx_word' id='word_1_253' title='bbox 890 2599 931 2668; x_wconf 90' lang='grc'><strong>01</strong></span> <span class='ocrx_word' id='word_1_254' title='bbox 947 2598 1073 2653; x_wconf 82' lang='lat' dir='ltr'><strong>armenia</strong></span> 
     </span>
    </p>
   </div>
   <div class='ocr_carea' id='block_1_6' title="bbox 59 2671 1072 3184">
    <p class='ocr_par' dir='ltr' id='par_1_8' title="bbox 59 2671 1072 3184">
     <span class='ocr_line' id='line_1_28' title="bbox 61 2671 1072 2759; baseline -0.001 -16"><span class='ocrx_word' id='word_1_255' title='bbox 61 2690 89 2743; x_wconf 97' lang='grc' dir='ltr'><strong><em>Β</em></strong></span> <span class='ocrx_word' id='word_1_256' title='bbox 109 2691 119 2759; x_wconf 96' lang='grc'><strong>11</strong></span> <span class='ocrx_word' id='word_1_257' title='bbox 140 2694 156 2742; x_wconf 87' lang='grc'><strong>9</strong></span> <span class='ocrx_word' id='word_1_258' title='bbox 175 2687 337 2743; x_wconf 86' lang='lat' dir='ltr'><strong>subtraente</strong></span> <span class='ocrx_word' id='word_1_259' title='bbox 355 2689 383 2741; x_wconf 92' lang='lat' dir='ltr'><em>B</em></span> <span class='ocrx_word' id='word_1_260' title='bbox 406 2671 598 2742; x_wconf 73' lang='lat' dir='ltr'><strong>subtrabntem</strong></span> <span class='ocrx_word' id='word_1_261' title='bbox 611 2686 646 2741; x_wconf 94' lang='lat' dir='ltr'><strong><em>N</em></strong></span> <span class='ocrx_word' id='word_1_262' title='bbox 658 2690 661 2754; x_wconf 97' lang='grc'><strong>1</strong></span> <span class='ocrx_word' id='word_1_263' title='bbox 677 2686 753 2756; x_wconf 92' lang='lat' dir='ltr'><strong>ipsos</strong></span> <span class='ocrx_word' id='word_1_264' title='bbox 768 2693 831 2742; x_wconf 84' lang='lat' dir='ltr'><strong>arcte</strong></span> <span class='ocrx_word' id='word_1_265' title='bbox 844 2687 950 2758; x_wconf 88' lang='lat' dir='ltr'><strong>recepit</strong></span> <span class='ocrx_word' id='word_1_266' title='bbox 966 2691 1029 2744; x_wconf 84' lang='lat' dir='ltr'><strong>add.</strong></span> <span class='ocrx_word' id='word_1_267' title='bbox 1043 2689 1072 2742; x_wconf 95' lang='grc' dir='ltr'><strong><em>Β</em></strong></span> 
     </span>
     <span class='ocr_line' id='line_1_29' title="bbox 59 2757 1069 2831; baseline -0.001 -17"><span class='ocrx_word' id='word_1_268' title='bbox 59 2759 92 2814; x_wconf 94' lang='lat' dir='ltr'><strong>in</strong></span> <span class='ocrx_word' id='word_1_269' title='bbox 109 2759 153 2813; x_wconf 90' lang='lat' dir='ltr'><strong>ius</strong></span> <span class='ocrx_word' id='word_1_270' title='bbox 171 2758 279 2829; x_wconf 89' lang='lat' dir='ltr'><strong>recepit</strong></span> <span class='ocrx_word' id='word_1_271' title='bbox 291 2761 410 2814; x_wconf 72' lang='lat' dir='ltr'><strong>Latratus</strong></span> <span class='ocrx_word' id='word_1_272' title='bbox 426 2762 429 2829; x_wconf 97' lang='grc'><strong>1</strong></span> <span class='ocrx_word' id='word_1_273' title='bbox 445 2758 546 2830; x_wconf 83' lang='lat' dir='ltr'><strong>recipit</strong></span> <span class='ocrx_word' id='word_1_274' title='bbox 559 2758 594 2813; x_wconf 94' lang='lat' dir='ltr'><strong><em>N</em></strong></span> <span class='ocrx_word' id='word_1_275' title='bbox 605 2761 609 2827; x_wconf 95' lang='grc'><strong>1</strong></span> <span class='ocrx_word' id='word_1_276' title='bbox 626 2757 717 2812; x_wconf 89' lang='lat' dir='ltr'><strong>uictor</strong></span> <span class='ocrx_word' id='word_1_277' title='bbox 730 2757 822 2828; x_wconf 85' lang='lat' dir='ltr'><strong>gentis</strong></span> <span class='ocrx_word' id='word_1_278' title='bbox 836 2758 1008 2831; x_wconf 71' lang='lat' dir='ltr'><strong>tigranentin</strong></span> <span class='ocrx_word' id='word_1_279' title='bbox 1021 2760 1049 2813; x_wconf 95' lang='grc' dir='ltr'><strong><em>Β</em></strong></span> <span class='ocrx_word' id='word_1_280' title='bbox 1066 2759 1069 2830; x_wconf 94' lang='grc'><strong>1</strong></span> 
     </span>
     <span class='ocr_line' id='line_1_30' title="bbox 60 2829 1072 2902; baseline -0.002 -17"><span class='ocrx_word' id='word_1_281' title='bbox 60 2829 219 2885; x_wconf 85' lang='lat' dir='ltr'><strong>armoenios</strong></span> <span class='ocrx_word' id='word_1_282' title='bbox 237 2832 264 2885; x_wconf 92' lang='grc' dir='ltr'><strong><em>Β</em></strong></span> <span class='ocrx_word' id='word_1_283' title='bbox 278 2832 288 2899; x_wconf 96' lang='grc'><strong>11</strong></span> <span class='ocrx_word' id='word_1_284' title='bbox 303 2836 335 2884; x_wconf 90' lang='grc'><strong>10</strong></span> <span class='ocrx_word' id='word_1_285' title='bbox 353 2830 461 2884; x_wconf 91' lang='lat' dir='ltr'><strong>hunum</strong></span> <span class='ocrx_word' id='word_1_286' title='bbox 473 2831 500 2884; x_wconf 92' lang='lat' dir='ltr'><strong><em>L</em></strong></span> <span class='ocrx_word' id='word_1_287' title='bbox 516 2832 520 2900; x_wconf 97' lang='grc'><strong>1</strong></span> <span class='ocrx_word' id='word_1_288' title='bbox 536 2846 623 2902; x_wconf 87' lang='lat' dir='ltr'><strong>gneus</strong></span> <span class='ocrx_word' id='word_1_289' title='bbox 638 2829 665 2882; x_wconf 93' lang='lat' dir='ltr'><strong><em>L</em></strong></span> <span class='ocrx_word' id='word_1_290' title='bbox 681 2831 684 2898; x_wconf 97' lang='grc'><strong>1</strong></span> <span class='ocrx_word' id='word_1_291' title='bbox 702 2831 863 2884; x_wconf 90' lang='lat' dir='ltr'><strong>atsueuerat</strong></span> <span class='ocrx_word' id='word_1_292' title='bbox 876 2832 904 2885; x_wconf 95' lang='grc' dir='ltr'><strong><em>Β</em></strong></span> <span class='ocrx_word' id='word_1_293' title='bbox 923 2831 1072 2886; x_wconf 89' lang='lat' dir='ltr'><strong>adseuerat</strong></span> 
     </span>
     <span class='ocr_line' id='line_1_31' title="bbox 60 2900 1071 2971; baseline -0.001 -15"><span class='ocrx_word' id='word_1_294' title='bbox 60 2903 96 2956; x_wconf 95' lang='lat' dir='ltr'><strong><em>N</em></strong></span> <span class='ocrx_word' id='word_1_295' title='bbox 114 2903 259 2955; x_wconf 83' lang='lat' dir='ltr'><strong>asseuerat</strong></span> <span class='ocrx_word' id='word_1_296' title='bbox 277 2902 303 2955; x_wconf 95' lang='lat' dir='ltr'><strong><em>L</em></strong></span> <span class='ocrx_word' id='word_1_297' title='bbox 329 2904 338 2970; x_wconf 96' lang='grc'><strong>11</strong></span> <span class='ocrx_word' id='word_1_298' title='bbox 366 2907 398 2955; x_wconf 91' lang='grc'><strong>11</strong></span> <span class='ocrx_word' id='word_1_299' title='bbox 423 2901 581 2970; x_wconf 82' lang='lat' dir='ltr'><strong>reciperent</strong></span> <span class='ocrx_word' id='word_1_300' title='bbox 603 2904 643 2970; x_wconf 91' lang='lat' dir='ltr'><strong>(re</strong></span> <span class='ocrx_word' id='word_1_301' title='bbox 665 2903 697 2955; x_wconf 81' lang='lat' dir='ltr'><strong>tu</strong></span> <span class='ocrx_word' id='word_1_302' title='bbox 720 2918 754 2956; x_wconf 89' lang='lat' dir='ltr'><strong>ac</strong></span> <span class='ocrx_word' id='word_1_303' title='bbox 776 2900 1071 2971; x_wconf 73' lang='grc' dir='ltr'>111111111111Ν11</span> 
     </span>
     <span class='ocr_line' id='line_1_32' title="bbox 62 2971 1072 3042; baseline -0.002 -16"><span class='ocrx_word' id='word_1_304' title='bbox 62 2979 95 3026; x_wconf 80' lang='lat'><strong>12</strong></span> <span class='ocrx_word' id='word_1_305' title='bbox 114 2972 239 3041; x_wconf 88' lang='lat' dir='ltr'><strong>perhunc</strong></span> <span class='ocrx_word' id='word_1_306' title='bbox 255 2989 304 3028; x_wconf 86' lang='lat' dir='ltr'><strong>om.</strong></span> <span class='ocrx_word' id='word_1_307' title='bbox 316 2973 343 3026; x_wconf 96' lang='lat' dir='ltr'><strong><em>L</em></strong></span> <span class='ocrx_word' id='word_1_308' title='bbox 359 2974 362 3041; x_wconf 97' lang='grc'><strong>1</strong></span> <span class='ocrx_word' id='word_1_309' title='bbox 378 2974 572 3042; x_wconf 86' lang='lat' dir='ltr'><strong>recuperatum</strong></span> <span class='ocrx_word' id='word_1_310' title='bbox 591 2974 614 3041; x_wconf 85' lang='lat' dir='ltr'><strong>(t</strong></span> <span class='ocrx_word' id='word_1_311' title='bbox 627 2979 747 3027; x_wconf 84' lang='lat' dir='ltr'><strong>correcta</strong></span> <span class='ocrx_word' id='word_1_312' title='bbox 760 2991 794 3028; x_wconf 78' lang='lat' dir='ltr'><strong>erc</strong></span> <span class='ocrx_word' id='word_1_313' title='bbox 807 2975 830 3042; x_wconf 86' lang='lat' dir='ltr'><strong>r)</strong></span> <span class='ocrx_word' id='word_1_314' title='bbox 845 2972 873 3026; x_wconf 94' lang='grc' dir='ltr'><strong><em>Β</em></strong></span> <span class='ocrx_word' id='word_1_315' title='bbox 886 2971 1072 3041; x_wconf 86' lang='lat' dir='ltr'><strong>reciperatum</strong></span> 
     </span>
     <span class='ocr_line' id='line_1_33' title="bbox 60 3042 1071 3114; baseline -0.002 -16"><span class='ocrx_word' id='word_1_316' title='bbox 60 3047 90 3112; x_wconf 87' lang='lat' dir='ltr'><strong>(v</strong></span> <span class='ocrx_word' id='word_1_317' title='bbox 112 3061 199 3114; x_wconf 79' lang='lat' dir='ltr'><strong>supra</strong></span> <span class='ocrx_word' id='word_1_318' title='bbox 221 3043 343 3113; x_wconf 79' lang='lat' dir='ltr'><strong>iposer&#39;t</strong></span> <span class='ocrx_word' id='word_1_319' title='bbox 360 3062 393 3098; x_wconf 84' lang='lat' dir='ltr'><strong>ru.</strong></span> <span class='ocrx_word' id='word_1_320' title='bbox 412 3045 442 3114; x_wconf 83' lang='lat'><strong>2)</strong></span> <span class='ocrx_word' id='word_1_321' title='bbox 461 3044 494 3097; x_wconf 95' lang='lat' dir='ltr'><strong><em>N</em></strong></span> <span class='ocrx_word' id='word_1_322' title='bbox 514 3046 518 3113; x_wconf 96' lang='grc'><strong>1</strong></span> <span class='ocrx_word' id='word_1_323' title='bbox 544 3042 688 3097; x_wconf 89' lang='lat' dir='ltr'><strong>incruento</strong></span> <span class='ocrx_word' id='word_1_324' title='bbox 708 3043 749 3113; x_wconf 91' lang='lat' dir='ltr'><strong>(in</strong></span> <span class='ocrx_word' id='word_1_325' title='bbox 767 3061 854 3113; x_wconf 75' lang='lat' dir='ltr'><strong>supra</strong></span> <span class='ocrx_word' id='word_1_326' title='bbox 871 3061 977 3098; x_wconf 82' lang='lat' dir='ltr'><strong>uersum</strong></span> <span class='ocrx_word' id='word_1_327' title='bbox 994 3060 1028 3096; x_wconf 84' lang='lat' dir='ltr'><strong>ra.</strong></span> <span class='ocrx_word' id='word_1_328' title='bbox 1044 3043 1071 3112; x_wconf 91' lang='lat'><strong>1)</strong></span> 
     </span>
     <span class='ocr_line' id='line_1_34' title="bbox 60 3113 1072 3184; baseline -0.003 -15"><span class='ocrx_word' id='word_1_329' title='bbox 60 3114 188 3183; x_wconf 81' lang='grc' dir='ltr'>Ν11111ο</span> <span class='ocrx_word' id='word_1_330' title='bbox 207 3116 235 3169; x_wconf 95' lang='grc' dir='ltr'><strong><em>Β</em></strong></span> <span class='ocrx_word' id='word_1_331' title='bbox 255 3120 259 3182; x_wconf 95' lang='grc'><strong>1</strong></span> <span class='ocrx_word' id='word_1_332' title='bbox 280 3114 370 3168; x_wconf 89' lang='lat' dir='ltr'><strong>multa</strong></span> <span class='ocrx_word' id='word_1_333' title='bbox 388 3115 415 3180; x_wconf 86' lang='lat' dir='ltr'><strong><em>L</em></strong></span> <span class='ocrx_word' id='word_1_334' title='bbox 432 3117 441 3184; x_wconf 96' lang='grc'><strong>11</strong></span> <span class='ocrx_word' id='word_1_335' title='bbox 463 3119 496 3167; x_wconf 84' lang='grc'><strong>13</strong></span> <span class='ocrx_word' id='word_1_336' title='bbox 514 3115 590 3168; x_wconf 88' lang='lat' dir='ltr'><strong>tama</strong></span> <span class='ocrx_word' id='word_1_337' title='bbox 608 3116 636 3169; x_wconf 95' lang='grc' dir='ltr'><strong><em>Β</em></strong></span> <span class='ocrx_word' id='word_1_338' title='bbox 656 3117 661 3184; x_wconf 97' lang='grc'><strong>1</strong></span> <span class='ocrx_word' id='word_1_339' title='bbox 681 3113 785 3184; x_wconf 90' lang='lat' dir='ltr'><strong>quippe</strong></span> <span class='ocrx_word' id='word_1_340' title='bbox 804 3117 897 3184; x_wconf 75' lang='lat' dir='ltr'><strong>(potor</strong></span> <span class='ocrx_word' id='word_1_341' title='bbox 914 3132 933 3183; x_wconf 89' lang='lat' dir='ltr'><strong>p</strong></span> <span class='ocrx_word' id='word_1_342' title='bbox 951 3132 984 3168; x_wconf 86' lang='lat' dir='ltr'><strong>rrr.</strong></span> <span class='ocrx_word' id='word_1_343' title='bbox 1003 3117 1023 3168; x_wconf 79' lang='lat'><em>2</em></span> <span class='ocrx_word' id='word_1_344' title='bbox 1040 3114 1072 3166; x_wconf 79' lang='lat' dir='ltr'><strong>irs</strong></span> 
     </span>
    </p>
   </div>
   <div class='ocr_carea' id='block_1_7' title="bbox 60 3185 1073 3612">
    <p class='ocr_par' dir='ltr' id='par_1_9' title="bbox 60 3185 1073 3612">
     <span class='ocr_line' id='line_1_35' title="bbox 60 3185 1070 3256; baseline -0.004 -15"><span class='ocrx_word' id='word_1_345' title='bbox 60 3188 174 3256; x_wconf 77' lang='lat' dir='ltr'><strong>rasura)</strong></span> <span class='ocrx_word' id='word_1_346' title='bbox 184 3187 218 3240; x_wconf 95' lang='lat' dir='ltr'><strong><em>N</em></strong></span> <span class='ocrx_word' id='word_1_347' title='bbox 230 3188 234 3256; x_wconf 99' lang='grc'><strong>1</strong></span> <span class='ocrx_word' id='word_1_348' title='bbox 250 3187 335 3240; x_wconf 91' lang='lat' dir='ltr'><strong>dones</strong></span> <span class='ocrx_word' id='word_1_349' title='bbox 345 3187 382 3253; x_wconf 87' lang='lat' dir='ltr'><strong>B,</strong></span> <span class='ocrx_word' id='word_1_350' title='bbox 396 3186 612 3251; x_wconf 74' lang='grc' dir='ltr'>α11.Β1111119</span> <span class='ocrx_word' id='word_1_351' title='bbox 628 3187 632 3254; x_wconf 97' lang='grc'><strong>1</strong></span> <span class='ocrx_word' id='word_1_352' title='bbox 649 3187 760 3239; x_wconf 80' lang='lat' dir='ltr'><strong>artaxer</strong></span> <span class='ocrx_word' id='word_1_353' title='bbox 774 3201 818 3239; x_wconf 89' lang='lat' dir='ltr'><strong>sor</strong></span> <span class='ocrx_word' id='word_1_354' title='bbox 830 3185 948 3254; x_wconf 90' lang='lat' dir='ltr'><strong>parthis</strong></span> <span class='ocrx_word' id='word_1_355' title='bbox 958 3186 985 3238; x_wconf 94' lang='lat' dir='ltr'><em>B</em></span> <span class='ocrx_word' id='word_1_356' title='bbox 996 3185 1070 3238; x_wconf 91' lang='lat' dir='ltr'><strong>arta-</strong></span> 
     </span>
     <span class='ocr_line' id='line_1_36' title="bbox 60 3253 1070 3326; baseline -0.002 -16"><span class='ocrx_word' id='word_1_357' title='bbox 60 3257 137 3310; x_wconf 85' lang='lat' dir='ltr'><strong>xatis</strong></span> <span class='ocrx_word' id='word_1_358' title='bbox 160 3258 194 3311; x_wconf 92' lang='lat' dir='ltr'><strong><em>N</em></strong></span> <span class='ocrx_word' id='word_1_359' title='bbox 218 3257 351 3311; x_wconf 80' lang='lat' dir='ltr'><strong>artasatis</strong></span> <span class='ocrx_word' id='word_1_360' title='bbox 375 3257 415 3312; x_wconf 87' lang='lat' dir='ltr'><strong>L:</strong></span> <span class='ocrx_word' id='word_1_361' title='bbox 443 3273 511 3312; x_wconf 89' lang='lat' dir='ltr'><strong>corr.</strong></span> <span class='ocrx_word' id='word_1_362' title='bbox 538 3257 571 3312; x_wconf 80' lang='grc'><strong>0.</strong></span> <span class='ocrx_word' id='word_1_363' title='bbox 596 3256 707 3311; x_wconf 80' lang='lat' dir='ltr'><strong>Vossius</strong></span> <span class='ocrx_word' id='word_1_364' title='bbox 729 3255 873 3326; x_wconf 85' lang='lat' dir='ltr'><strong>Artageris</strong></span> <span class='ocrx_word' id='word_1_365' title='bbox 902 3272 936 3310; x_wconf 92' lang='lat' dir='ltr'><strong>ex</strong></span> <span class='ocrx_word' id='word_1_366' title='bbox 957 3253 1070 3309; x_wconf 86' lang='lat' dir='ltr'><strong>Parthis</strong></span> 
     </span>
     <span class='ocr_line' id='line_1_37' title="bbox 61 3325 1071 3398; baseline -0.002 -16"><span class='ocrx_word' id='word_1_367' title='bbox 61 3329 180 3383; x_wconf 73' lang='lat' dir='ltr'><strong>Iahnius</strong></span> <span class='ocrx_word' id='word_1_368' title='bbox 198 3335 224 3383; x_wconf 87' lang='lat' dir='ltr'><strong>et</strong></span> <span class='ocrx_word' id='word_1_369' title='bbox 241 3329 373 3383; x_wconf 80' lang='lat' dir='ltr'><strong>Halmius</strong></span> <span class='ocrx_word' id='word_1_370' title='bbox 393 3330 402 3398; x_wconf 96' lang='grc'><strong>11</strong></span> <span class='ocrx_word' id='word_1_371' title='bbox 421 3333 455 3381; x_wconf 87' lang='grc'>14</span> <span class='ocrx_word' id='word_1_372' title='bbox 473 3326 609 3382; x_wconf 85' lang='lat' dir='ltr'><strong>adhort-us</strong></span> <span class='ocrx_word' id='word_1_373' title='bbox 627 3328 655 3381; x_wconf 95' lang='grc' dir='ltr'><strong><em>Β</em></strong></span> <span class='ocrx_word' id='word_1_374' title='bbox 676 3333 679 3391; x_wconf 95' lang='grc'><strong>1</strong></span> <span class='ocrx_word' id='word_1_375' title='bbox 699 3328 794 3380; x_wconf 89' lang='lat' dir='ltr'><strong>utrum</strong></span> <span class='ocrx_word' id='word_1_376' title='bbox 812 3327 843 3380; x_wconf 95' lang='lat' dir='ltr'><strong><em>N</em></strong></span> <span class='ocrx_word' id='word_1_377' title='bbox 859 3328 868 3396; x_wconf 95' lang='grc'><strong>11</strong></span> <span class='ocrx_word' id='word_1_378' title='bbox 888 3331 920 3379; x_wconf 83' lang='grc'><strong>15</strong></span> <span class='ocrx_word' id='word_1_379' title='bbox 938 3325 1071 3380; x_wconf 86' lang='lat' dir='ltr'><strong>thensau-</strong></span> 
     </span>
     <span class='ocr_line' id='line_1_38' title="bbox 60 3396 1073 3470; baseline -0.001 -17"><span class='ocrx_word' id='word_1_380' title='bbox 60 3417 157 3454; x_wconf 89' lang='lat' dir='ltr'><strong>rorum</strong></span> <span class='ocrx_word' id='word_1_381' title='bbox 184 3401 213 3468; x_wconf 86' lang='lat' dir='ltr'><strong>(n</strong></span> <span class='ocrx_word' id='word_1_382' title='bbox 239 3401 374 3470; x_wconf 64' lang='lat' dir='ltr'><strong>exemerit</strong></span> <span class='ocrx_word' id='word_1_383' title='bbox 396 3417 430 3454; x_wconf 84' lang='lat' dir='ltr'><strong>m.</strong></span> <span class='ocrx_word' id='word_1_384' title='bbox 454 3401 484 3469; x_wconf 77' lang='lat'><strong>2)</strong></span> <span class='ocrx_word' id='word_1_385' title='bbox 507 3399 541 3454; x_wconf 96' lang='lat' dir='ltr'><strong><em>N</em></strong></span> <span class='ocrx_word' id='word_1_386' title='bbox 558 3398 754 3453; x_wconf 88' lang='lat' dir='ltr'><strong>thesaurorum</strong></span> <span class='ocrx_word' id='word_1_387' title='bbox 775 3397 802 3450; x_wconf 92' lang='lat' dir='ltr'><strong><em>L</em></strong></span> <span class='ocrx_word' id='word_1_388' title='bbox 824 3399 834 3466; x_wconf 97' lang='grc'><strong>11</strong></span> <span class='ocrx_word' id='word_1_389' title='bbox 856 3403 890 3451; x_wconf 89' lang='grc'><strong>16</strong></span> <span class='ocrx_word' id='word_1_390' title='bbox 914 3396 1017 3468; x_wconf 87' lang='lat' dir='ltr'><strong>scripto</strong></span> <span class='ocrx_word' id='word_1_391' title='bbox 1040 3400 1073 3452; x_wconf 76' lang='lat' dir='ltr'><strong>iro</strong></span> 
     </span>
     <span class='ocr_line' id='line_1_39' title="bbox 63 3469 1072 3540; baseline -0.002 -16"><span class='ocrx_word' id='word_1_392' title='bbox 63 3469 161 3524; x_wconf 86' lang='lat' dir='ltr'><strong>stricto</strong></span> <span class='ocrx_word' id='word_1_393' title='bbox 183 3471 359 3527; x_wconf 74' lang='grc' dir='ltr'><strong>111111111Β1</strong></span> <span class='ocrx_word' id='word_1_394' title='bbox 379 3472 387 3539; x_wconf 94' lang='grc'><strong>1</strong></span> <span class='ocrx_word' id='word_1_395' title='bbox 409 3469 521 3524; x_wconf 88' lang='lat' dir='ltr'><strong>strictos</strong></span> <span class='ocrx_word' id='word_1_396' title='bbox 544 3471 572 3538; x_wconf 86' lang='lat' dir='ltr'><strong>(v</strong></span> <span class='ocrx_word' id='word_1_397' title='bbox 594 3487 680 3540; x_wconf 73' lang='lat' dir='ltr'><strong>supro</strong></span> <span class='ocrx_word' id='word_1_398' title='bbox 702 3485 771 3524; x_wconf 88' lang='lat' dir='ltr'><strong>om.</strong></span> <span class='ocrx_word' id='word_1_399' title='bbox 786 3470 817 3538; x_wconf 78' lang='lat'><strong>2)</strong></span> <span class='ocrx_word' id='word_1_400' title='bbox 834 3469 868 3523; x_wconf 94' lang='lat' dir='ltr'><strong><em>N</em></strong></span> <span class='ocrx_word' id='word_1_401' title='bbox 886 3471 889 3537; x_wconf 96' lang='grc'><strong>1</strong></span> <span class='ocrx_word' id='word_1_402' title='bbox 910 3471 1023 3539; x_wconf 91' lang='lat' dir='ltr'><strong>repente</strong></span> <span class='ocrx_word' id='word_1_403' title='bbox 1038 3500 1072 3509; x_wconf 91' lang='lat'><em>-</em></span> 
     </span>
     <span class='ocr_line' id='line_1_40' title="bbox 62 3541 770 3612; baseline -0.003 -17"><span class='ocrx_word' id='word_1_404' title='bbox 62 3558 161 3596; x_wconf 84' lang='lat' dir='ltr'><strong>caesar</strong></span> <span class='ocrx_word' id='word_1_405' title='bbox 179 3558 229 3597; x_wconf 80' lang='lat' dir='ltr'><strong>ora.</strong></span> <span class='ocrx_word' id='word_1_406' title='bbox 246 3542 286 3612; x_wconf 92' lang='grc'><strong>01</strong></span> <span class='ocrx_word' id='word_1_407' title='bbox 302 3544 416 3612; x_wconf 86' lang='lat' dir='ltr'><strong>repente</strong></span> <span class='ocrx_word' id='word_1_408' title='bbox 434 3543 463 3612; x_wconf 91' lang='lat' dir='ltr'><strong>(p</strong></span> <span class='ocrx_word' id='word_1_409' title='bbox 481 3544 513 3596; x_wconf 79' lang='lat' dir='ltr'><strong>trs</strong></span> <span class='ocrx_word' id='word_1_410' title='bbox 529 3558 630 3597; x_wconf 72' lang='lat' dir='ltr'><strong>rasuera</strong></span> <span class='ocrx_word' id='word_1_411' title='bbox 648 3559 682 3596; x_wconf 84' lang='lat' dir='ltr'><strong>m.</strong></span> <span class='ocrx_word' id='word_1_412' title='bbox 697 3542 724 3610; x_wconf 84' lang='lat'><strong>1)</strong></span> <span class='ocrx_word' id='word_1_413' title='bbox 742 3541 770 3593; x_wconf 93' lang='grc' dir='ltr'><strong><em>Β</em></strong></span> 
     </span>
    </p>
   </div>
   <div class='ocr_carea' id='block_1_8' title="bbox 116 3635 866 3684">
    <p class='ocr_par' dir='ltr' id='par_1_10' title="bbox 116 3635 866 3684">
     <span class='ocr_line' id='line_1_41' title="bbox 116 3635 866 3684; baseline 0.003 -4"><span class='ocrx_word' id='word_1_414' title='bbox 116 3639 200 3681; x_wconf 76' lang='lat' dir='ltr'><strong>Florus</strong></span> <span class='ocrx_word' id='word_1_415' title='bbox 215 3641 249 3682; x_wconf 84' lang='lat' dir='ltr'><strong>cd.</strong></span> <span class='ocrx_word' id='word_1_416' title='bbox 264 3640 289 3682; x_wconf 93' lang='lat'><strong>0.</strong></span> <span class='ocrx_word' id='word_1_417' title='bbox 303 3641 460 3684; x_wconf 82' lang='lat' dir='ltr'><strong>Rossbach.</strong></span> <span class='ocrx_word' id='word_1_418' title='bbox 827 3635 866 3683; x_wconf 62' lang='grc' dir='ltr'><em>Ὠ</em></span> 
     </span>
    </p>
   </div>
   <div class='ocr_carea' id='block_1_9' title="bbox 0 0 1178 3922">
    <p class='ocr_par' dir='ltr' id='par_1_11' title="bbox 0 0 1178 3922">
     <span class='ocr_line' id='line_1_42' title="bbox 0 0 1178 3922; baseline 0 0"><span class='ocrx_word' id='word_1_419' title='bbox 0 0 1178 3922; x_wconf 95' lang='lat' dir='ltr'><strong> </strong></span> 
     </span>
    </p>
   </div>
  </div>
 </body>
</html>
