2334 3922
136 159 201 225 192

152 320 226 376 circa
253 323 395 378 Bruttium
426 342 451 379 a.
482 327 611 399 Spartaci

152 392 225 446 servi
243 393 315 449 clusi
334 401 393 464 128,
409 402 425 450 6

133 472 294 543 Anicius,
335 478 462 546 praetor,
504 479 612 550 subigit

150 542 260 611 illyrios
281 550 353 615 12,7

132 624 299 679 animalia
335 628 475 695 quaedam
506 646 610 699 aquam

149 695 309 764 terramque
327 697 455 752 incolunt
474 705 533 770 102,
548 707 566 754 4

129 784 208 852 apud
217 783 381 840 Anienem
395 787 511 861 flurium
524 791 608 845 truci·

149 853 209 907 dati
228 854 304 909 Calli
321 863 364 925 26,
380 863 404 912 8,
431 875 514 928 agros
529 860 608 915 Sabi·

147 942 246 979 norum
255 925 283 979 ei
290 928 397 982 vicinos
406 932 502 984 vastat
510 930 608 987 Curius

147 995 285 1050 Dentatus
304 1004 347 1068 28,
362 1005 378 1053 2

129 1073 160 1126 in
178 1076 362 1132 annalibus
386 1083 451 1135 sunt
473 1081 607 1137 Horatius

145 1145 255 1201 Mucius
270 1148 377 1204 Cloelia
392 1156 486 1218 1614.
512 1169 607 1208 sorum

145 1217 214 1272 fides
233 1219 353 1288 laborat,
373 1224 405 1276 ut
416 1222 500 1278 Veios
519 1224 606 1280 fuisse

146 1289 291 1345 credamus
310 1298 401 1362 2213

127 1367 279 1425 Annibal
296 1390 321 1426 v.
342 1372 486 1428 Hannibal

125 1448 220 1504 Anno
239 1469 265 1506 v.
285 1451 386 1507 Hanno

126 1544 225 1583 anser
261 1530 398 1585 Manlium
435 1533 605 1604 Capitolium

143 1599 347 1655 custodientem
365 1604 472 1659 excitat
490 1611 532 1676 26,
548 1613 564 1660 6

123 1686 316 1744 Antiochus
339 1709 480 1762 magnus
499 1695 604 1766 excipit

141 1758 303 1830 Philippum
317 1766 412 1831 64,11.
435 1764 508 1818 nihil
525 1765 555 1820 in
569 1784 602 1822 eo

142 1829 294 1912 speciosius
303 1837 492 1961 tquamtqppbd
509 1854 528 1961 p
545 1838 601 1920 Ito·

140 1917 232 1954 manis
256 1919 301 1957 vic
316 1921 348 1958 us
375 1921 403 1958 es
483 1951 489 1975 ‚
528 1952 533 1964 .
570 1928 601 1964 ιιι

140 1971 246 2026 bellum
264 1974 421 2031 Romanum
445 1978 600 2049 impellitur

138 2060 157 2097 a
176 2044 303 2099 Thoante
326 2049 355 2101 et
380 2048 416 2102 ab
439 2050 599 2107 Hannibale

125 2119 186 2183 so,
211 2121 234 2171 6.
272 2117 342 2171 satis
374 2119 462 2174 habet
492 2122 599 2177 bellum

138 2191 464 2256 166666666121116
486 2195 551 2248 atur
565 2212 598 2249 ex

136 2256 256 2331 Graecia
279 2260 316 2314 ab
335 2261 426 2316 Acilio
446 2211 597 2320 Glabrione

138 2332 180 2396 66,
191 2334 216 2384 6.
240 2330 299 2385 eius
315 2331 412 2387 classis
427 2335 464 2388 ab
476 2335 596 2391 Aemilio

136 2398 177 2452 Re
200 2399 246 2453 'lo
272 2400 399 2456 funditur
417 2411 516 2475 66,11.
550 2408 597 2462 ds·

137 2467 171 2521 be
196 2472 259 2524 atur
277 2488 295 2525 a
314 2472 451 2545 Scipione,
470 2477 597 2533 Africani

136 2537 231 2608 fratre,
251 2541 289 2594 ad
301 2541 485 2601 Maeandrum
500 2554 595 2618 66,16.

134 2625 234 2733 patcenp
251 2615 416 2684 partemque
429 2619 509 2689 regni
523 2622 596 2675 acci·

134 2697 164 2749 pr
196 2686 268 2749 6,8

116 2766 145 2822 C.
161 2769 336 2826 Antistius
350 2773 471 2845 Augusti
488 2778 517 2832 in
530 2780 594 2834 His·

133 2840 220 2908 pania
234 2842 339 2896 bellum
350 2847 473 2914 gerentis
483 2849 593 2920 legatus

138 2916 195 2980 ire,
211 2918 244 2965 12

115 2999 274 3071 Antium,
324 3002 401 3058 Latii
451 3008 592 3078 oppidum.

132 3071 230 3126 classis
245 3073 304 3127 eius
318 3078 409 3131 rostra
418 3076 449 3130 in
458 3085 592 3149 suggestu

131 3142 186 3196 fori
203 3145 260 3199 fixa
279 3151 320 3216 20,
336 3153 352 3200 3

112 3230 590 3310 C.Antonius‚fraterHlviri,

131 3300 269 3359 Curictico
284 3305 366 3361 litore
381 3311 474 3364 castra
487 3327 590 3381 ponere

130 3389 147 3426 a
174 3374 307 3445 Pompeio
339 3377 430 3434 iussus
459 3387 522 3452 143,
547 3389 588 3438 16.

130 3443 301 3500 deditionem
328 3449 355 3502 ei
382 3450 470 3508 fames
499 3457 589 3509 extor-

125 3518 196 3581 quet
215 3522 274 3586 143,
290 3523 323 3571 19

583 173 699 226 INDEX

665 332 693 388 C.
712 335 882 392 Antonius
900 340 1058 410 Hybrida
1080 348 1139 415 (cos.

683 409 727 476 63)
753 405 893 465 Catilinae
921 412 1139 472 coniurationem

664 480 1137 628 61161666683366

683 622 735 701 98).
755 620 815 675 eius
829 626 916 705 capnt
930 625 960 680 in
969 627 1056 682 Marii
1069 647 1135 685 men-

662 697 1134 827 ldlillixtllriinillrusrlllgilrldcaesare

680 849 744 886 cum
757 837 838 903 parte
850 839 990 894 exercitus
999 841 1133 897 Brundisii

679 904 794 961 relictus
809 912 917 976 144,11.
938 908 1054 966 Caesari
1062 914 1132 984 regni

679 974 803 1046 insignia
821 977 903 1033 offert
922 986 982 1052 164,
999 989 1023 1037 6.
1048 1000 1131 1038 aemu-

678 1045 722 1099 lus
761 1047 947 1105 Caesarianae
987 1055 1129 1124 potentiae,

678 1116 727 1170 fax
741 1121 770 1173 et
783 1120 865 1175 turbo
877 1124 1020 1191 sequentis
1036 1127 1129 1181 saeculi

679 1193 738 1256 166,
753 1195 778 1244 2.
797 1191 892 1246 varius
911 1193 1026 1264 ingenio
1042 1203 1098 1267 166,
1108 1203 1126 1252 6.

678 1260 775 1314 consul
789 1278 853 1315 cum
862 1264 1014 1321 Dolabella
1025 1272 1084 1338 166,
1094 1276 1126 1322 14.

678 1332 816 1387 secundus
838 1333 967 1391 Caesaris
990 1338 1071 1393 heres
1093 1340 1125 1394 in-

677 1404 801 1457 sectatur
837 1405 988 1461 Octavium
1024 1416 1086 1479 166,
1106 1417 1124 1464 3.

676 1472 822 1528 Decimum
856 1476 976 1533 Brutum
1010 1481 1125 1535 Mutinae

676 1544 901 1616 obsidet156‚12.
917 1549 1030 1605 exuitur
1037 1552 1124 1607 castris

676 1615 712 1668 ab
723 1614 955 1689 Octavio156,16.
971 1621 1032 1676 eius
1041 1641 1123 1694 pessu-

673 1703 752 1740 mum
773 1687 918 1758 ingenium
940 1691 1043 1749 Fulvia
1066 1710 1124 1749 uxor

675 1763 779 1826 167,1.
809 1760 899 1814 hostis
925 1779 943 1817 a
969 1768 1068 1820 senatu
1088 1765 1122 1818 in·

673 1827 785 1884 dicatus
808 1833 837 1884 et
857 1832 894 1886 ab
913 1832 1032 1891 Octavio
1050 1837 1121 1891 Peru·

673 1898 732 1954 sias
753 1901 882 1957 obsessus
903 1910 962 1975 161,
978 1912 1002 1962 4.
1035 1924 1122 1978 paoem

671 1969 742 2024 facit
760 1989 824 2027 cum
842 1974 961 2030 Octavio
980 1980 1010 2032 et
1027 1978 1120 2049 Lepido

672 2047 783 2111 161,16.
804 2046 974 2101 avunculum
982 2049 1122 2119 proscribit

672 2117 731 2180 168,
746 2118 769 2169 6.
797 2132 861 2169 cum
879 2115 998 2174 Octavio
1017 2121 1047 2175 in
1065 2120 1120 2176 Cas·

670 2183 744 2238 sium
762 2185 935 2258 Brutumque
958 2192 1120 2262 succingitur

671 2261 783 2337 159,10.
803 2261 1118 2319 sectorbonorumPon-
1160 2274 1163 2283 ·

667 2337 1118 2521 {tibitibi-latinii}

694 2469 825 2540 antidius,
845 2471 904 2526 cius
922 2474 1043 2546 legatus,
1061 2477 1118 2531 Par·

666 2539 731 2594 thos
762 2541 852 2596 vincit
884 2551 948 2614 164,
967 2552 991 2602 6,
1029 2549 1118 2604 foedus

666 2625 731 2664 cum
759 2613 871 2668 Parthis
903 2615 973 2671 facit
1002 2625 1118 2690 164,18.

666 2680 702 2734 iis
727 2683 832 2737 bellum
855 2685 942 2741 infert
964 2695 1025 2760 166,
1040 2698 1063 2746 3,
1094 2691 1118 2745 in

667 2751 776 2821 Syriam
789 2755 895 2826 refugit
910 2764 1005 2829 166,11.
1027 2766 1118 2832 captus

666 2839 759 2879 amore
792 2825 958 2898 Cleopatrae
992 2839 1055 2902 166,
1083 2840 1118 2888 16.

664 2893 780 2964 fugatur
809 2898 847 2951 ad
874 2900 989 2956 Actium
1017 2910 1080 2975 168,
1097 2909 1117 2959 8.

664 2982 763 3020 manus
796 2968 851 3022 sibi
883 2971 970 3026 infert
1003 2980 1118 3044 168,11.

664 3035 744 3092 iuxta
757 3055 820 3092 eum
831 3039 982 3112 Cleopatra
996 3062 1026 3100 se
1040 3046 1118 3102 inter·

662 3107 723 3162 ficit
742 3115 800 3179 168,
817 3116 849 3164 19

645 3179 741 3232 anuli
782 3197 799 3234 a
836 3183 990 3253 Tarquinio
1028 3188 1119 3245 Prisco

661 3250 874 3320 magistratibus
911 3256 973 3310 dati
1011 3264 1119 3329 12,18.

661 3336 756 3375 eorum
767 3323 821 3378 duo
835 3325 924 3379 modii
938 3343 973 3382 ex
984 3328 1121 3388 Cannensi

660 3392 1121 3473 eladecuahaginemmnsisaao.

661 3466 773 3518 senatus
788 3483 887 3521 aurum
899 3474 1014 3538 praeter
1024 3477 1121 3530 anulos

660 3535 767 3590 aerario
799 3538 888 3593 tradit
919 3546 966 3612 66,
990 3550 1033 3600 18.
1077 3565 1121 3602 eos
