2334 3922
61 243 64 251 .
102 184 145 249 86
465 187 576 238 mom
593 188 754 240 armona

100 351 157 412 bus
181 351 216 410 ad
241 351 421 410 deditionem
445 351 629 430 quarundam
652 350 781 412 urbium.
825 369 901 429 quae
925 369 974 411 res
997 360 1032 411 ut
1055 369 1117 411 ma·

101 448 199 501 turam
223 442 264 500 ita
287 440 427 500 infamem
450 440 522 500 fecit
545 442 708 520 victoriam,
731 442 841 519 quippe
861 446 1052 500 cumcontra
1072 440 1117 500 sas

102 529 191 589 deum
223 546 381 608 moresque
414 531 560 589 maiorum
592 528 839 588 medicaminibus
871 530 988 608 inpuris
1021 531 1053 588 in
1087 527 1118 588 id

101 625 219 695 tempus
244 625 431 678 sacrosancta
453 617 585 677 Romana
608 635 689 676 arma
711 617 859 677 violasset.

310 808 435 889 xxxvl.
468 828 618 890 nnnnvu
640 828 904 889 rvovnrmuvu.
1144 845 1156 885 a

13 967 86 1051 111,1
168 971 247 1032 Haec
280 971 314 1031 ad
345 974 499 1031 orientem.
546 972 599 1032 sed
627 990 687 1032 non
715 972 751 1031 ad
778 971 973 1031 meridianam
1001 971 1118 1050 plagam

104 1060 206 1120 eadem
231 1062 323 1139 quies.
371 1062 438 1139 quis
462 1067 596 1139 speraret
620 1068 689 1139 post
712 1059 919 1138 Carthaginem
943 1059 1063 1138 aliquod
1088 1063 1118 1119 in

67 1162 83 1208 2
102 1148 201 1208 Africa
223 1145 356 1208 bellum?
379 1151 461 1227 atqui
484 1167 544 1209 non
566 1148 671 1209 leviter
695 1167 726 1208 se
746 1149 884 1208 Numidia
903 1151 1064 1228 concussit,
1089 1157 1119 1208 et

103 1238 159 1297 luit
181 1240 214 1297 in
233 1237 375 1315 Iugurtha
398 1238 477 1317 quod
500 1245 569 1316 post
585 1237 781 1298 Hannibalem
803 1241 968 1298 timeretur.
1007 1240 1117 1316 quippe

103 1344 155 1385 rex
175 1326 383 1387 callidissimus
402 1327 545 1406 populum
558 1326 723 1387 Romanum
742 1329 833 1386 armis
852 1329 995 1387 invictum
1010 1326 1118 1404 opibus
1134 1343 1157 1382 ro

103 1415 262 1493 adgressus
285 1422 338 1475 est.
381 1419 456 1476 citra
480 1434 563 1495 spem
587 1418 719 1476 omnium
742 1416 860 1475 fortuna
885 1417 984 1495 cessit,
1007 1424 1042 1474 ut
1066 1434 1119 1474 rex

66 1502 205 1564 airaude
233 1506 412 1583 praecipuus
440 1503 543 1564 fraude
572 1512 736 1583 caperetur.
781 1504 831 1563 hic
853 1503 1026 1564 Massinissa
1056 1522 1119 1584 avo,

102 1590 225 1670 Micipsa
262 1599 345 1671 patre
383 1612 438 1671 per
475 1593 664 1672 adoptionem
702 1611 769 1653 eum
806 1592 976 1652 interficere
1009 1592 1119 1651 fratres

103 1681 256 1739 statuisset
284 1683 411 1758 agitatus
434 1684 520 1759 regni
543 1683 718 1762 cupiditate,
741 1700 797 1741 nec
820 1680 886 1740 illos
910 1682 1004 1758 magis
1029 1699 1119 1759 quam

103 1774 237 1827 senatum
256 1769 458 1847 populumque
472 1769 516 1850 R,
536 1788 663 1848 quorum
677 1772 708 1828 in
723 1768 780 1828 fide
795 1778 825 1828 et
840 1768 977 1829 clientela
991 1787 1118 1846 regnum
1135 1786 1158 1826 15

66 1864 180 1933 derat,
212 1864 372 1934 metueret,
401 1858 531 1934 primum
560 1857 657 1917 scelus
685 1857 804 1917 mandat
831 1857 957 1917 insidiis.
1003 1860 1118 1936 potitus

102 1942 280 2021 Hiempsalis
300 1947 396 2023 capite
416 1963 482 2004 eum
503 1963 534 2004 se
554 1947 585 2005 in
599 1944 797 2006 Adherbalem
816 1948 1012 2006 convertisset
1031 1949 1118 2024 isque

174 2156 188 2202 1
219 2146 298 2204 dedit
323 2149 417 2204 ionem
439 2153 519 2214 (corr.
542 2167 577 2203 m.
596 2151 625 2219 2)
648 2151 681 2204 N
704 2152 714 2220 11
741 2149 892 2219 :limparis
916 2152 944 2204 Β
968 2153 972 2221 1
998 2151 1054 2205 ·L·
1074 2137 1119 2206 fn*

101 2221 179 2293 una·
199 2224 294 2293 obruar
315 2269 321 2282 ·
341 2222 580 2295 abinoem-ma·
600 2223 1035 2294 r1r0L1·n10·nxenffi·n‘1Y3
1054 2255 1118 2294 ·11·

102 2312 189 2383 larem
211 2316 271 2382 LiB
286 2357 292 2370 ·
307 2343 347 2383 111
369 2324 448 2382 enm
471 2342 502 2382 cr
521 2340 596 2380 nnn·
621 2327 784 2396 subscrrpsc't
807 2327 841 2381 N
860 2343 887 2383 n.
906 2341 1006 2382 aarum
1024 2343 1118 2383 rnoar

101 2429 240 2471 annona
253 2431 294 2470 nn
309 2431 379 2471 nano
393 2431 478 2471 mrro
494 2445 500 2458 ·
515 2429 659 2470 sxnnacrn
671 2399 732 2468 Lffi
746 2431 817 2484 ·11·;
836 2416 955 2470 Jucnun
970 2402 1036 2470 affe
1044 2447 1050 2458 ·
1061 2433 1118 2471 111·

102 2485 129 2538 L
151 2490 161 2552 11
183 2490 199 2539 5
218 2501 345 2541 oannem
368 2489 445 2556 (corr.
467 2505 501 2542 eac
523 2489 702 2610 nnnaonvup
721 2486 926 2541 chvnnmvu
945 2487 972 2540 L
990 2505 1041 2542 om.
1060 2489 1096 2541 N
1109 2489 1119 2558 11

103 2562 118 2609 7
139 2555 320 2626 Quispcrareb
338 2558 405 2612 BN
419 2560 428 2627 11
447 2562 463 2610 8
483 2560 513 2611 at
532 2556 601 2627 quin
618 2558 646 2610 Β
665 2575 682 2611 a
703 2557 753 2626 qui
771 2559 801 2627 (d
818 2560 850 2613 r'u
867 2559 881 2610 t
898 2561 1016 2613 mutavit
1034 2577 1067 2613 m.
1088 2562 1118 2629 2)

102 2630 152 2694 Ν1
168 2626 286 2681 numida
306 2628 384 2698 0119
403 2627 537 2697 iugurtha
557 2628 587 2696 (h
604 2646 691 2698 supra
708 2645 814 2684 versum
831 2647 865 2684 m.
886 2632 913 2698 1)
932 2631 966 2684 N
978 2634 982 2697 1
999 2629 1119 2683 anniba-

102 2697 159 2750 lem
177 2698 205 2750 B
228 2700 237 2767 11
261 2703 295 2752 10
313 2698 449 2780 populum
472 2701 530 2768 (um
553 2706 700 2754 correctam
723 2717 757 2755 eae
780 2717 813 2753 ns
830 2717 865 2755 m.
885 2703 912 2767 1)
931 2700 966 2754 N
987 2704 990 2768 1
1015 2700 1118 2754 Roma-

102 2785 170 2822 num
193 2785 243 2825 om.
263 2769 292 2822 Β
316 2772 320 2838 1
345 2768 483 2837 mclytum
501 2771 535 2824 N
556 2769 641 2824 armis
664 2770 795 2825 inclitum
813 2771 842 2824 et
859 2769 997 2825 invictum
1016 2771 1118 2840 opibus

102 2840 129 2894 L
152 2842 161 2909 11
185 2843 217 2892 11
247 2856 396 2910 aggressus
424 2842 451 2895 L
476 2844 480 2909 1
505 2843 534 2894 at
562 2848 625 2896 cate
652 2841 724 2895 cibra
751 2842 816 2897 add.
842 2841 866 2897 0
890 2841 939 2894 sed
966 2842 1003 2896 N.
1028 2842 1118 2897 Heiu-

101 2912 160 2967 aius
183 2913 214 2964 at
238 2910 388 2979 Sebefferus
413 2914 417 2980 1
442 2912 531 2980 gessit
549 2912 576 2965 L
598 2914 607 2982 11
631 2917 664 2966 12
683 2928 698 2965 c
713 2920 777 2982 post
794 2911 971 2983 praecipuus.
990 2914 1042 2967 del.
1061 2914 1095 2967 N
1113 2915 1117 2985 1

103 2998 156 3035 auo
175 2981 327 3036 masinissa
344 2983 367 3037 Ο
385 2984 395 3052 11
420 2986 453 3034 13
473 2983 502 3035 et
519 2990 583 3037 aare
600 2982 720 3052 micipsa
738 2985 802 3039 edel.
821 2984 844 3038 0
861 2983 865 3056 1
885 2986 996 3053 patrem
1015 2986 1054 3053 (m
1072 3002 1118 3039 ear-

97 3055 204 3122 purtxit
216 3072 251 3108 m.
265 3055 296 3123 2)
310 3054 345 3108 N
353 3055 363 3123 11
379 3059 411 3107 16
426 3069 483 3121 qua
494 3070 544 3108 oar.
563 3054 586 3108 0
598 3056 601 3123 1
618 3053 713 3110 incrta
728 3055 754 3108 L
770 3058 774 3120 1
789 3054 845 3108 fide
859 3072 896 3110 m.
911 3056 1032 3126 (oirprrla
1045 3057 1119 3112 iuter

102 3140 117 3177 e
140 3131 165 3180 et
188 3142 217 3177 m
239 3126 277 3179 ed
298 3126 420 3193 epatium
443 3126 606 3194 capiendam
628 3127 742 3195 ireserte)
765 3125 792 3178 L
816 3127 820 3194 1
845 3125 875 3179 in
898 3132 962 3180 aute
985 3125 1119 3180 clientela

102 3197 165 3250 edd.
189 3196 217 3249 B
242 3199 246 3264 1
272 3193 423 3249 clementia
445 3195 484 3250 H.
508 3197 533 3249 Ι.
553 3196 704 3250 Muellerus
723 3213 889 3268 properatum.
914 3215 1005 3268 pyrra.
1024 3191 1129 3253 Berol.'

102 3266 436 3322 Fredera'co-Werderanr‘
454 3285 480 3321 a.
495 3271 568 3321 1876
583 3285 613 3336 p.
629 3272 646 3322 9
665 3268 730 3322 adn.
749 3269 759 3337 11
778 3273 810 3321 16
829 3268 967 3321 metueret
985 3270 1014 3336 (a
1031 3285 1120 3338 supra

102 3339 211 3392 tertiam
234 3353 301 3392 em.
321 3341 349 3408 2)
369 3337 403 3391 N
424 3339 428 3405 1
452 3335 560 3407 potitus
584 3339 611 3405 (o
630 3345 755 3394 correcta
773 3355 807 3393 err
825 3341 853 3407 u)
872 3340 900 3392 B
918 3337 1069 3408 potiusque
1089 3341 1124 3394 N

101 3406 264 3476 potitusque
279 3409 313 3462 N
317 3409 354 3463 ’Β
371 3412 381 3478 11
402 3413 433 3463 17
448 3407 532 3462 hiem.
548 3407 615 3462 salis
630 3411 733 3480 (partes
748 3410 868 3464 marinis
881 3411 1026 3464 coniunxit
1039 3428 1073 3464 ru.
1089 3414 1118 3481 2)

102 3477 136 3528 N
159 3476 313 3603 hiemrlffihs
341 3480 368 3533 L
394 3483 399 3549 1
424 3478 606 3534 adherbalem
638 3479 667 3550 (h
698 3497 784 3549 supra
816 3497 922 3536 uersum
948 3498 982 3536 m.
1007 3483 1034 3549 1)
1063 3483 1116 3552 Β1
