2334 3922
116 163 182 226 148
480 165 590 215 onom
607 164 767 215 armona

86 368 89 374 ,
115 330 218 410 forma,
242 337 272 388 et
295 347 369 408 quae
394 327 595 406 duplicaretur
618 329 733 409 exilio,
756 330 835 408 quod
854 328 921 389 talis
941 347 1029 409 passa
1049 329 1126 389 vide·

61 433 96 481 aa
115 419 203 479 batur
229 420 382 498 iniuriam,
411 417 511 477 odium
539 419 633 495 ipsius
661 420 754 498 regis,
783 420 834 496 qui
856 416 980 497 Pompei
1008 419 1127 478 caedem

111 511 242 587 partium
269 507 343 588 fato,
371 524 431 566 non
454 505 574 566 Caesari
601 506 735 587 dederat,
763 506 842 567 haud
870 506 960 567 dubie
990 507 1071 566 idem
1098 509 1127 566 in

59 609 92 659 58
112 600 211 676 ipsum
239 614 379 674 ausurus,
408 597 434 654 si
462 594 639 673 expedisset.
685 614 772 674 quam
800 594 851 655 ubi
875 595 984 656 Caesar
1009 598 1126 656 restitui

112 688 199 745 iussit
227 688 259 745 in
287 702 424 764 regnum,
454 685 553 744 statim
575 683 611 744 ab
635 684 730 744 isdem
753 684 981 763 percussoribus
1005 684 1125 763 Pompei
1145 697 1154 736 ⁵

112 774 253 834 obsessus
276 775 309 833 in
332 775 414 850 regia
437 775 571 851 quamvis
592 775 698 851 exigua
717 792 806 833 manu
825 775 955 851 ingentis
976 776 1124 834 exercitus

59 878 93 926 aa
112 862 221 923 molem
253 865 328 922 mira
361 864 468 921 virtute
501 863 650 922 sustinuit.
701 881 735 922 ac
763 865 893 941 primum
920 865 1124 941 proximorum

112 952 317 1012 aedificiorum
344 958 431 1028 atque
460 949 606 1010 navalium
632 951 769 1011 incendio
794 951 973 1011 infestorum
996 952 1124 1011 hostium

111 1041 171 1100 tela
195 1041 361 1120 summovit,
384 1057 452 1097 mox
472 1041 503 1098 in
521 1039 726 1117 paeninsulam
745 1040 862 1100 Pharon
881 1040 1001 1101 subitus
1021 1042 1122 1120 evasit3

82 1167 85 1172 ·
112 1130 181 1189 inde
202 1129 343 1207 depulsus
363 1130 394 1187 in
413 1130 505 1187 maria
525 1130 600 1187 mira
614 1127 754 1189 felicitate
770 1129 805 1189 ad
820 1131 987 1208 proximam
1001 1127 1151 1189 classem1⁰

113 1220 249 1297 enatavit,
272 1217 376 1277 relicto
400 1216 521 1295 quidem
543 1218 575 1276 in
598 1216 737 1278 fluctibus
760 1218 968 1297 paludamento
994 1217 1120 1278 scutato

114 1326 167 1367 seu
194 1306 331 1386 consilio,
359 1304 487 1365 utillud
510 1305 716 1384 ingruentibus
739 1307 871 1367 hostium
894 1307 961 1367 telis
988 1308 1120 1385 saxisque

60 1403 273 1475 appeteretur.
319 1401 390 1454 tunc
418 1402 555 1473 receptus
579 1414 595 1455 a
618 1395 750 1456 classicis
775 1399 850 1477 suia,
879 1396 1012 1474 undique
1038 1394 1121 1455 simul

113 1486 214 1545 hostes
246 1485 366 1544 adortus
399 1483 435 1543 de
468 1482 571 1542 inbelli
599 1502 632 1543 ac
659 1485 771 1562 perlida
800 1492 888 1563 gente
917 1487 995 1544 iusta
1023 1486 1120 1562 generi

114 1574 250 1633 manibus
273 1573 361 1632 dedit.
408 1567 517 1651 ¹quippe
541 1579 571 1631 et
593 1573 772 1654 Theodotus,
794 1576 936 1652 magister
960 1580 1149 1652 auctorque

81 1707 86 1718 .
114 1664 204 1722 totius
226 1660 306 1742 belli,
329 1666 359 1721 et
380 1679 417 1720 ne
441 1659 537 1721 virilia
559 1661 679 1740 quidem
701 1668 848 1742 portenta,
871 1662 1015 1722 Pothinus
1036 1668 1117 1741 atque

115 1750 298 1829 Ganymedes
326 1750 440 1809 diversa
467 1768 521 1828 per
550 1768 630 1810 mare
659 1759 688 1811 et
715 1758 811 1811 terras
839 1751 907 1829 luga
934 1757 1029 1811 morte
1055 1769 1117 1811 con-

116 1842 233 1918 sumpti.
278 1841 357 1916 regis
385 1840 478 1916 ipsius
507 1857 614 1918 corpus
643 1840 782 1900 obrutum
805 1840 876 1900 limo
900 1848 1057 1919 repertum
1079 1845 1118 1898 est

114 1931 146 1988 in
169 1946 274 1989 aureae
297 1927 406 1986 loricae
428 1927 549 1987 honore.

61 2033 95 2082 ot
180 2017 214 2077 ln
240 2017 308 2076 Asia
335 2034 453 2095 quoque
480 2034 572 2076 novus
600 2036 702 2078 rerum
729 2027 826 2078 motus
854 2037 870 2077 a
898 2018 1007 2098 Ponto,
1038 2017 1149 2096 planco

116 2109 199 2186 quasi
218 2106 255 2166 de
273 2105 419 2165 industria
438 2112 572 2184 captante
592 2107 709 2167 fortuna
725 2107 804 2168 hunc
818 2106 1017 2166 Mithridatico
1034 2121 1119 2184 regno

116 2199 241 2275 exitum,
268 2202 301 2254 ut
329 2213 345 2254 a
368 2193 507 2272 Pompeio
530 2202 627 2275 pater,
655 2215 672 2255 a
696 2196 820 2256 Caesare
844 2196 924 2255 filius
947 2198 1122 2255 vinceretur.

188 2390 202 2438 1
216 2384 323 2439 formae
338 2389 366 2440 et
380 2387 407 2438 Β
422 2388 427 2454 1
443 2385 533 2439 forma
547 2387 575 2438 et
592 2385 667 2452 quod
681 2383 873 2454 duplicaretur
888 2386 1123 2457 Fraudeoberpiaa

115 2456 205 2510 forma
220 2460 255 2524 et,
275 2474 346 2525 quae
361 2457 553 2527 duplicaretur
563 2487 595 2496 -
605 2455 710 2509 iniuria
724 2459 753 2510 et
766 2456 864 2510 odium
877 2458 1074 2525 Baehreuse'ue,
1088 2474 1121 2510 aa

117 2529 214 2594 etpost
223 2525 313 2580 forma
322 2530 464 2608 delectum
474 2534 545 2583 estet
554 2534 617 2581 uate
627 2526 722 2608 odium
732 2527 911 2596 ponendum?
920 2528 928 2599 11
938 2533 954 2580 2
965 2528 1123 2610 pompeium

115 2599 256 2736 11111111
270 2599 529 2739 1111111111
539 2598 840 2741 ..titillabit
851 2598 1124 2737 delibitati

116 2739 237 2808 (oirpulo
249 2743 337 2808 eroso)
347 2741 374 2792 Β
390 2743 395 2809 1
411 2739 435 2792 si
448 2741 551 2795 ruisset
564 2739 694 2794 hoccasio
708 2741 736 2795 Β
749 2743 759 2811 11
773 2746 789 2794 5
803 2740 914 2795 hisdem
924 2742 951 2794 Β
965 2740 1074 2796 eisdem
1086 2741 1107 2796 0
1119 2741 1122 2812 1

115 2808 240 2880 pompeii
253 2809 280 2861 L
298 2812 306 2877 11
325 2815 341 2862 6
360 2812 507 2880 quamquis
527 2816 562 2882 (2.
577 2830 596 2881 q
614 2830 673 2881 cap.
688 2830 722 2866 m.
737 2819 753 2865 1
773 2819 798 2866 et
816 2830 850 2867 m.
866 2815 896 2880 2)
910 2813 944 2866 N
957 2813 961 2880 1
977 2811 1082 2883 exigua
1099 2814 1125 2880 (e

116 2899 151 2937 aa.
167 2887 183 2935 1
198 2897 265 2935 corr.
281 2898 314 2935 ec
328 2879 347 2950 i)
362 2882 390 2934 B
403 2886 412 2950 11
427 2889 441 2935 'l
455 2882 509 2936 hac
523 2885 551 2936 Β
564 2885 574 2952 11
588 2888 604 2936 8
618 2885 703 2952 atque
717 2882 863 2936 naualium
877 2900 926 2937 om.
942 2884 970 2936 Β
984 2885 993 2952 11
1008 2889 1024 2936 9
1040 2898 1124 2953 paene

117 2951 240 3006 insulam
257 2950 295 3015 01
311 2950 392 3005 faron
407 2953 447 3022 01
463 2953 555 3007 euasit
573 2956 598 3021 (e
617 2961 737 3009 correcto
756 2972 789 3008 ea
807 2953 846 3024 in)
864 2955 890 3008 L
909 2956 918 3023 11
938 2959 971 3007 10
990 2954 1125 3008 felicitate

118 3024 155 3093 (ci
175 3041 260 3092 supra
279 3024 392 3091 uersam)
411 3022 438 3076 L
462 3023 467 3095 1
493 3025 530 3077 ad
549 3025 578 3093 (d
597 3032 716 3080 correcto
733 3044 767 3079 m.
788 3032 802 3078 1
823 3043 856 3080 eac
874 3027 896 3095 t)
916 3027 943 3078 Β
967 3029 976 3094 11
1001 3030 1033 3078 11
1054 3025 1126 3078 facto

117 3097 150 3148 ic
167 3095 227 3148 fato
246 3097 362 3149 mutavit
377 3095 417 3147 B¹
431 3097 441 3164 11
457 3102 488 3147 11
507 3098 539 3148 ut
557 3113 606 3150 om.
622 3099 650 3150 Β
666 3099 670 3166 1
686 3095 877 3150 incruentibus
892 3096 920 3150 Β
934 3099 942 3164 1
959 3103 991 3149 13
1011 3096 1126 3166 11111101

120 3189 153 3237 14
172 3169 286 3237 adhrtus
305 3182 332 3236 L
354 3186 358 3252 1
383 3181 572 3237 debellatam
590 3184 697 3254 perfida
716 3188 776 3252 (om.
797 3188 840 3253 ac)
859 3185 885 3237 L
911 3186 915 3253 1
939 3185 993 3239 hac
1013 3187 1041 3239 Β
1064 3188 1073 3256 11
1096 3190 1126 3238 17

119 3255 283 3324 ganimedes
302 3257 331 3325 (g
349 3261 469 3309 correcto
486 3272 520 3309 eac
538 3271 553 3308 c
571 3272 605 3309 m.
621 3259 648 3324 1)
662 3257 690 3309 Β
707 3256 878 3326 ganymedes
897 3258 926 3325 (y
940 3264 1060 3311 correcto
1074 3254 1127 3311 eci

120 3344 153 3380 aa.
171 3330 196 3394 11
211 3327 244 3379 N
259 3325 421 3395 ganimedes
436 3326 463 3379 L
479 3329 482 3396 1
500 3329 528 3380 et
546 3333 609 3380 cate
627 3328 716 3380 morte
735 3329 798 3382 odd.
816 3328 858 3398 011
873 3332 906 3382 18
920 3326 1025 3396 Rexgis
1043 3330 1072 3398 (x
1085 3345 1125 3382 ea-

116 3401 233 3466 poactu)
252 3397 278 3449 L
292 3400 301 3465 11
316 3403 348 3451 19
368 3413 470 3451 aureae
489 3400 518 3466 (u
535 3414 621 3466 cupro
639 3415 744 3453 aereum
762 3417 796 3453 m.
812 3400 950 3468 11Β1120
970 3400 1078 3453 mortus
1096 3414 1125 3451 ec

120 3469 219 3534 sponte
238 3469 265 3520 B
286 3467 290 3539 1
310 3468 394 3537 plane
413 3485 463 3524 om.
479 3470 507 3521 Β
527 3472 536 3539 11
557 3474 589 3522 22
609 3484 627 3521 a
641 3476 705 3538 post
723 3472 755 3522 ut
773 3487 822 3525 om.
838 3471 865 3522 Β
885 3474 890 3539 1
911 3485 1058 3524 accaesare
1077 3471 1101 3524 L
1120 3479 1123 3538 1

121 3536 195 3590 filius
212 3555 299 3607 supro
316 3557 422 3594 versam
439 3541 467 3593 Β
