2370 3908
177 886 199 946 l.
236 885 260 944 Α
283 883 437 945 Ronvto
460 882 637 944 TEMPORA
659 882 788 942 REGVM
811 882 966 943 SEPTEM.

126 1045 261 1125 Populus
275 1044 425 1104 Romanus
443 1062 459 1104 a
473 1062 543 1122 rege
557 1042 682 1103 Romulo
697 1045 729 1103 in
743 1043 899 1104 Caesarem
913 1046 1077 1123 Augustum

62 1139 269 1215 septingentos
292 1151 348 1212 per
371 1151 463 1193 annos
486 1139 602 1192 tantum
622 1150 745 1211 operum
764 1150 836 1210 pace
855 1133 993 1212 belloque
1012 1152 1077 1212 ges-

63 1227 114 1304 sit,
141 1232 189 1304 ut,
218 1225 314 1301 siquis
337 1221 572 1300 magnitudinem
596 1223 715 1300 imperii
740 1239 807 1281 cum
828 1224 913 1282 annis
937 1223 1079 1302 conterat,

45 1321 190 1375 taetatcm
218 1311 297 1372 ultra
324 1317 418 1390 putet.
464 1313 506 1371 ita
533 1309 590 1370 late
618 1328 673 1389 per
701 1309 803 1370 orbem
827 1317 975 1370 terrarum
999 1321 1114 1370 armat

67 1402 256 1480 circumtulit,
278 1406 313 1478 ut
337 1402 390 1478 qui
412 1417 461 1460 res
485 1398 565 1459 illius
585 1398 688 1478 legunt
705 1417 765 1458 non
784 1401 874 1458 unius
892 1398 1004 1480 populi,
1028 1399 1080 1458 sed

69 1493 183 1568 generis
210 1489 335 1550 humani
362 1489 438 1548 lacta
466 1488 646 1548 condiscant.
693 1493 737 1547 tot
763 1490 794 1546 in
822 1487 973 1547 laboribus
1000 1489 1079 1566 peri·

70 1579 199 1658 culisque
224 1581 351 1638 iactatus
376 1583 430 1658 est,
453 1586 487 1637 ut
510 1576 546 1636 ad
570 1576 812 1637 constituendum
835 1578 900 1636 eius
921 1579 1080 1655 imperium

72 1668 254 1728 contendisse
278 1666 379 1726 Virtus
408 1673 438 1725 et
460 1664 591 1725 Fortuna
618 1665 781 1725 videantur.
829 1684 920 1744 quare
948 1685 1016 1726 cum
1040 1668 1114 1725 si·3

48 1757 137 1834 aquid
169 1755 249 1817 aliud
282 1755 338 1815 boo
371 1772 489 1833 quoque
523 1772 630 1833 operae
661 1757 791 1832 pretium
824 1757 864 1814 sit
892 1773 1081 1836 cognoscere,

75 1852 163 1905 tamen
186 1847 255 1924 quia
274 1844 340 1923 ipsa
359 1842 419 1903 sibi
437 1842 534 1903 obstat
553 1842 724 1922 magnitudo
743 1861 903 1922 rerumque
924 1843 1080 1903 diversitas

78 1936 158 1993 aciem
185 1934 361 1994 intentionis
389 1931 552 2012 abrumpit,
580 1932 686 1992 faciam
715 1931 793 2010 quod
822 1932 918 1992 solent
946 1934 998 2009 qui
1020 1939 1080 1990 ter-

33 2048 36 2059 =
80 2039 165 2082 rarum
196 2025 272 2084 situs
302 2023 442 2100 pingunt:
475 2022 507 2080 in
536 2021 621 2080 brevi
649 2022 735 2098 quasi
761 2020 868 2080 tabella
896 2026 988 2079 totam
1016 2021 1080 2078 eius

82 2110 223 2189 imaginem
247 2109 416 2190 amplectar,
439 2127 500 2169 uon
520 2109 603 2189 nihil,
626 2116 660 2169 ut
679 2127 776 2188 spero,
800 2108 835 2168 ad
855 2108 1080 2168 admirationem

58 2217 75 2256 n
84 2200 209 2279 principis
232 2198 336 2279 populi
359 2197 544 2278 conlaturuS,
568 2200 595 2258 si
617 2200 730 2276 pariter
753 2204 841 2275 atquc
865 2195 991 2255 insemel
1014 2197 1080 2255 uni-

16 2348 18 2351 ,
86 2303 181 2348 versam
202 2287 440 2367 magnitudinem
464 2289 529 2347 eius
553 2286 720 2347 ostendero.

137 2377 234 2457 Siquis
264 2395 336 2456 ergo
363 2375 508 2455 populum
535 2375 568 2435 R.
598 2377 683 2454 quasi
712 2392 804 2435 unum
832 2373 982 2433 bominem
1011 2384 1117 2434 con-4

10 2488 24 2507 ·-
89 2463 179 2526 siderct
200 2472 353 2544 totamque
377 2467 441 2525 eius
466 2471 591 2525 aetatem
611 2470 797 2544 percenseat,
819 2470 853 2522 ut
872 2465 1012 2544 coeperit,
1036 2471 1081 2523 ut-

10 2562 24 2634 *j
90 2567 131 2627 que
159 2554 332 2635 adoleverit,
363 2560 397 2614 ut
429 2555 515 2632 quasi
547 2553 582 2613 ad
616 2552 763 2631 quandam
795 2554 930 2612 iuventae
966 2553 1082 2631 lrugem

10 2640 16 2663 '·
62 2646 247 2725 oprvenerit,
276 2650 310 2703 ut
336 2649 440 2722 postea
466 2641 547 2703 velut
575 2643 779 2722 consenuerit,
807 2647 945 2719 quattuor
973 2641 1081 2720 gradus

144 2803 155 2850 1
173 2811 194 2851 a
211 2809 338 2852 aouuno
354 2827 386 2836 -
401 2809 527 2851 sarram.
547 2812 598 2851 om.
620 2795 662 2866 011
681 2800 696 2848 2
716 2793 831 2848 incaosa
844 2825 848 2836 ·
860 2811 919 2848 rem
937 2795 964 2848 L
980 2794 1080 2864 poco·

94 2859 130 2945 bl
146 2871 159 2920 5
175 2867 217 2922 ita
235 2866 312 2922 enim
329 2867 388 2922 late
407 2867 434 2921 L
452 2867 563 2923 Monac.
583 2867 625 2921 ita
644 2865 719 2921 enim
737 2865 842 2934 ubique
864 2867 956 2920 Parta.
977 2868 1053 2919 5802
1073 2863 1081 2932 11

95 2936 157 3012 tetus
172 2938 270 3010 legunt
291 2939 373 3008 0117
391 2937 454 2992 fata
471 2938 562 2993 Parte.
583 2943 653 2993 7701
674 2938 748 2992 Voss.
768 2938 853 2993 Rern.
874 2937 957 2991 Harl.
979 2937 984 3003 1
1004 2934 1082 2987 facta

95 2999 179 3064 bacam
193 3009 233 3083 01
250 3009 326 3079 quod
345 3011 425 3080 (quot
443 3009 476 3063 N
481 3009 501 3078 ²)
519 3007 550 3062 in
568 3008 714 3062 laboribus
733 3009 767 3062 N
781 3009 856 3063 Nam
873 3009 918 3062 tot
935 3003 1081 3059 laboribus

95 3071 202 3153 Harae.
221 3086 299 3137 5802
318 3081 429 3136 Monac.
451 3081 461 3147 11
481 3086 497 3134 9
516 3079 681 3134 uiderentur
698 3080 730 3133 N
747 3078 889 3135 uideretur
906 3079 933 3132 L
949 3079 953 3145 1
970 3075 994 3128 si
1012 3090 1081 3143 prae-

37 3182 46 3217 .·‚
95 3157 158 3228 opta
173 3152 226 3208 hoo
244 3168 356 3221 quoque
372 3151 415 3219 011
430 3156 462 3204 12
481 3152 572 3206 solent
586 3154 615 3222 (n
628 3168 715 3221 sopra
728 3154 844 3220 oeream)
859 3151 891 3204 N
902 3151 911 3218 1
926 3152 959 3201 13
973 3144 1082 3199 tabella

38 3224 46 3255 ¹³
95 3216 186 3290 (mapula
204 3241 274 3293 qaae
292 3241 321 3276 m
340 3223 480 3293 significat
497 3240 584 3291 sopra
598 3224 776 3292 posteriorem
790 3239 808 3276 a
822 3222 911 3288 erasa)
925 3219 953 3271 Β
969 3219 973 3287 1
989 3215 1080 3270 tabel-

95 3279 160 3348 lssitm
175 3294 234 3349 eius
253 3295 281 3348 L
300 3296 359 3364 114
376 3292 550 3362 inmaginem
568 3295 596 3348 Β
612 3295 616 3362 1
633 3292 860 3346 ammirationem
879 3291 976 3357 111116
996 3286 1082 3341 colla-

94 3354 319 3434 uestraeque
337 3363 522 3429 Btinsemet
543 3366 589 3433 01
612 3369 644 3418 17
664 3381 750 3417 unum
769 3380 819 3418 om.
842 3362 932 3431 01118
952 3358 1012 3413 eius
1031 3376 1081 3415 ona.

95 3425 129 3508 bl
140 3439 167 3488 19
183 3437 324 3506 quendam
345 3436 389 3505 011
399 3435 556 3491 iuuentutis
571 3436 600 3491 L
616 3438 621 3507 1
636 3435 736 3492 florem
759 3435 852 3508 Opao
872 3433 1012 3507 quattuor
1030 3447 1096 3502 gra-

95 3495 153 3554 diar
166 3521 260 3558 romae
281 3507 362 3557 aetas
380 3509 476 3562 cetero
493 3511 607 3566 oma'oaa's
625 3511 668 3584 B,
694 3531 720 3571 o.
741 3529 815 3584 quoe
837 3512 905 3578 dict
926 3509 973 3567 oc
994 3506 1117 3566 boccona
