2334 3922
106 185 171 249 144
467 187 577 239 rnonr
595 182 756 236 EPITOMA
867 191 872 201 ·

107 370 182 431 quae
202 350 392 430 Opiterginos
415 350 538 432 serebat,
561 353 593 411 in
615 351 697 410 vadis
718 350 815 409 haesit
833 349 1119 429 memorandumque

106 442 236 520 posteris
258 438 424 518 exemplum
444 440 532 500 dedit.
569 442 678 520 qnippe
697 441 747 498 vix
764 437 845 498 mille
859 441 1002 499 iuvenum
1016 458 1120 501 manus

107 529 280 589 circumfusi
298 528 430 607 undique
449 532 597 589 exercitus
615 547 670 607 per
688 535 783 588 totum
802 527 882 588 diem
896 527 955 588 tela
970 531 1120 609 sustinuit,

108 627 137 679 et
156 636 224 678 cum
243 619 354 678 exitum
373 621 466 678 virtus
486 636 546 678 non
563 617 695 697 haberet,
714 624 813 677 tamen
832 635 870 678 ne
889 618 921 676 in
940 617 1121 678 deditionem

107 709 223 767 veniret
253 707 388 766 hortante
418 706 540 767 tribuno
562 706 678 766 Vulteio
706 708 818 766 mutuis
845 706 955 766 ictibus
983 708 1064 767 inter
1091 726 1120 768 se
1142 712 1151 754 ὅ

55 812 90 861 34
110 798 307 856 concucurrit.
353 798 385 855 in
408 795 506 855 Africa
530 813 647 874 quoque
670 813 724 874 par
748 803 778 854 et
799 797 894 855 virtus
919 801 949 856 et
972 795 1121 857 calamitas

74 945 76 951 ,
109 884 246 945 Curionis
271 884 336 964 fuit,
360 886 411 962 qui
432 884 469 944 ad
487 885 689 963 recipiendam
707 886 889 962 provinciam
907 886 1021 945 missus
1039 886 1120 965 pulso

108 974 268 1052 fugatoque
300 973 376 1032 Varo
408 975 467 1032 iam
500 972 646 1052 superbus
679 972 810 1033 subitum
838 972 927 1033 lubae
960 977 1042 1053 regis
1074 975 1119 1034 ad·

109 1069 230 1123 ventum
269 1064 492 1140 equitatumque
529 1062 700 1122 Maurorum
737 1064 885 1122 sustinere
922 1080 983 1122 non
1019 1066 1118 1141 potuit.

108 1149 229 1231 patebat
259 1153 336 1211 victo
374 1151 454 1231 iuga,
493 1152 545 1211 sed
576 1151 672 1230 pudor
705 1152 798 1211 suasit
830 1158 863 1210 nt
895 1153 1039 1211 amissum
1072 1156 1148 1223 sua1⁰

111 1242 278 1300 temeritate
302 1242 466 1300 exercitum
489 1247 583 1300 morte
608 1247 792 1319 sequeretur.

58 1345 92 1394 35
179 1328 237 1388 Sed
264 1330 323 1388 iam
350 1328 484 1388 debitum
511 1348 565 1407 par
586 1328 717 1389 Fortuna
744 1328 894 1407 flagitante
921 1330 1023 1390 sedem
1047 1330 1118 1391 bello

58 1435 92 1484 ec
111 1418 271 1496 Pompeius
294 1416 406 1497 Epiron
429 1416 567 1498 elegerat,
589 1436 647 1478 nec
665 1416 773 1478 Caesar
796 1417 976 1479 morabatur.
1014 1422 1118 1499 quippe

112 1506 255 1567 ordinatis
288 1525 304 1566 a
330 1512 415 1584 tergo
444 1505 594 1586 omnibus,
626 1509 759 1586 quamvis
786 1507 903 1586 hiemps
932 1508 1030 1569 media
1058 1527 1119 1588 pro-

111 1595 228 1656 hiberet
263 1601 452 1675 tempestate,
489 1596 525 1655 ad
561 1594 672 1656 bellum
708 1597 854 1674 navigavit
890 1599 1057 1676 positisque
1090 1596 1148 1658 ad1⁵

59 1683 234 1748 eretricum
263 1685 381 1764 castris,
414 1702 482 1744 cum
510 1702 578 1763 pars
606 1687 755 1745 exercitus
784 1684 821 1744 ob
849 1687 981 1764 inopiam
1008 1689 1120 1747 navium

113 1790 181 1832 cum
207 1773 334 1832 Antonio
368 1772 471 1833 relicta
498 1772 652 1833 Brundisii
681 1792 796 1834 moram
824 1773 947 1855 faceret,
981 1776 1055 1836 adeo
1082 1778 1121 1835 in·

112 1863 229 1940 patiens
257 1867 321 1920 erat
348 1869 381 1921 nt
409 1861 444 1921 ad
473 1863 666 1922 arcessendos
694 1881 745 1922 eos
773 1863 896 1923 ardente
922 1866 1021 1925 ventis
1044 1866 1122 1943 mari,

113 1957 201 2011 nocte
225 1949 377 2030 concubia,
401 1949 597 2029 speculatorio
621 1953 737 2030 navigio
762 1951 843 2012 solus
866 1954 910 2012 ire
929 1955 1121 2032 temptaverit.

115 2046 195 2100 extat
231 2040 267 2099 ad
303 2039 454 2118 trepidum
489 2047 571 2100 tanto
607 2039 779 2101 discrimine
811 2040 1042 2119 gubernatorem
1072 2043 1153 2101 ror²⁰

62 2143 96 2192 38
115 2131 210 2207 ipsius
234 2123 317 2207 ‘quid
340 2125 450 2189 times?
473 2128 628 2189 Caesarem
651 2124 755 2190 vehis?
799 2133 959 2191 contractis
981 2133 1014 2191 in
1036 2149 1124 2192 unum

117 2217 249 2296 undique
268 2217 406 2279 omnibus
425 2220 518 2297 copiis
531 2219 696 2297 positisque
712 2220 876 2279 comminus
893 2222 998 2280 castris
1014 2219 1125 2281 diversa

117 2312 202 2366 erant
229 2306 338 2366 ducum
365 2307 495 2368 consilia.
543 2305 650 2366 Caesar
676 2325 731 2387 pro
759 2315 863 2368 natura
891 2308 974 2368 ferox
1003 2317 1034 2370 et
1061 2327 1125 2370 con·

190 2570 205 2616 2
225 2566 342 2620 exitum:
362 2582 429 2620 corr.
446 2566 659 2634 Freinshemius,
677 2568 712 2634 cf.
727 2567 860 2622 mauce
878 2568 928 2623 IV
938 2569 1016 2636 4971
1034 2573 1052 2620 4
1069 2570 1127 2622 ten·

118 2634 182 2688 dem
196 2637 323 2702 Iahnius,
342 2653 380 2690 arc
398 2637 612 2707 deleudcm2115
630 2637 762 2692 hortante
780 2641 811 2708 (n
827 2655 915 2708 supro
932 2656 1040 2695 cusum
1054 2658 1088 2694 m.
1103 2642 1127 2708 1)

118 2707 146 2759 Β
165 2707 275 2759 oriente
294 2706 328 2759 N
345 2708 348 2775 1
368 2707 474 2760 mutuis
493 2708 533 2776 (ui
551 2715 699 2764 correctum
716 2727 750 2763 ru.
767 2719 780 2762 1
802 2727 835 2764 erc
854 2709 893 2779 iu)
911 2711 939 2763 Β
957 2710 1065 2765 mainis
1078 2711 1105 2765 L
1123 2711 1127 2781 1

118 2777 148 2829 in
168 2792 198 2830 se
218 2776 241 2830 0
257 2778 266 2846 11
285 2784 301 2830 6
320 2777 460 2832 concurrit
477 2780 537 2834 BL
553 2783 556 2850 1
573 2778 755 2848 africaquque
774 2780 808 2834 N
821 2783 831 2850 1
849 2788 864 2835 7
884 2780 1021 2835 scurionis
1041 2782 1075 2836 N
1087 2785 1128 2849 18

119 2864 202 2902 uarro
221 2848 249 2900 B
274 2850 278 2918 1
301 2846 359 2901 iam
378 2866 427 2903 om.
443 2850 470 2902 Β
493 2852 502 2919 11
526 2857 541 2904 9
560 2867 721 2905 maurorum
740 2854 798 2921 (um
815 2859 963 2907 correctum
981 2870 1015 2907 ecc
1034 2856 1061 2923 o)
1079 2853 1106 2907 L
1123 2856 1129 2913 1

121 2926 152 2973 11
173 2918 273 2972 mortis
291 2918 319 2972 Β
340 2923 350 2989 11
371 2925 403 2972 12
423 2919 550 2974 debitum
568 2924 596 2991 (a
614 2939 700 2993 supro
718 2940 737 2975 u
755 2940 789 2978 ru.
803 2926 832 2992 2)
851 2924 885 2978 N
899 2925 908 2992 11
927 2929 960 2976 13
980 2925 1010 2977 et
1027 2940 1130 2994 pyrene

120 2995 271 3117 iiiii?
277 2997 346 3133 (11·
357 2991 787 3134 iimrriiptttitffidti
800 2993 1131 3134 'inminenti

121 3134 148 3186 L
168 3135 176 3202 1
201 3138 233 3187 17
256 3131 403 3186 brundisio
428 3131 452 3186 0
472 3151 510 3187 cm
531 3133 683 3190 Brundisi?
703 3138 712 3206 11
735 3141 769 3189 18
792 3138 824 3190 ut
847 3137 1030 3192 accersendos
1049 3138 1083 3192 N
1102 3139 1131 3190 ut

119 3203 312 3258 accersiendos
332 3203 359 3257 L
382 3206 386 3273 1
409 3219 486 3257 mere
506 3203 605 3274 01119
626 3206 762 3261 concubia
781 3209 809 3276 (a
827 3215 946 3262 correcta
963 3227 998 3263 m.
1019 3214 1035 3263 1
1055 3227 1090 3264 eor
1106 3211 1130 3277 ο)

119 3277 147 3329 Β
164 3278 168 3344 1
184 3275 239 3329 iret
257 3279 280 3344 (t
298 3277 434 3344 crepuerit
451 3276 647 3345 2121111120
667 3280 733 3332 exta
750 3277 892 3348 trepidum
906 3279 954 3346 (ad
968 3297 1029 3348 om,
1047 3297 1131 3349 supro

120 3349 151 3400 tn
164 3365 198 3401 m.
209 3352 228 3402 2
241 3346 322 3416 citat)
332 3348 366 3401 N
376 3351 384 3413 11
399 3351 431 3399 21
447 3345 516 3415 quid
529 3345 612 3400 times
627 3365 676 3404 om.
687 3350 723 3417 B,
738 3351 1128 3420 aic.scboi.1aecarciV577i

121 3417 196 3471 Tene
220 3424 283 3472 acte
305 3434 429 3472 cesarem
447 3419 511 3473 cdd.
527 3418 554 3471 L
578 3423 582 3486 1
607 3419 687 3474 uehis
706 3421 736 3490 (h
753 3437 839 3490 cupra
856 3437 962 3476 cereum
979 3439 1014 3477 m.
1029 3424 1058 3492 2)
1077 3422 1110 3475 N
1121 3421 1130 3492 11

121 3493 155 3539 22
179 3488 247 3541 undi
271 3504 305 3556 qe
329 3493 357 3557 (q
381 3507 414 3544 erc
436 3508 455 3542 n
478 3497 598 3545 correcta
620 3508 654 3545 m.
674 3494 701 3562 1)
720 3492 754 3545 N
775 3498 778 3558 1
804 3490 932 3545 omnibus
956 3494 995 3562 (m
1013 3511 1048 3548 m.
1067 3500 1082 3547 1
1101 3495 1128 3547 in

121 3575 222 3613 rasura
239 3561 359 3615 duarum
378 3562 541 3632 litterarior)
560 3562 595 3616 N
613 3564 621 3631 11
644 3567 678 3616 23
698 3561 806 3617 Οθεωττ
827 3566 851 3633 (r
868 3580 954 3634 supro
972 3567 1088 3634 versun)
1105 3562 1128 3617 L
