2334 3922
116 173 181 236 214
559 175 674 224 11111

116 333 154 386 ad
172 331 443 385 internecionem
458 330 595 385 exercitus

134 403 260 457 Viriatus
271 402 596 457 ClaudiumVnimanum

135 474 229 528 caedit
248 479 347 542 80,14.
379 473 596 528 1111111111-

133 545 188 598 tini
202 547 300 599 contra
310 544 473 599 Mancinum
489 545 596 599 saevire

134 618 265 686 poterant
284 622 327 684 82,
343 626 359 670 4

116 687 252 741 invidia
271 687 354 741 deum
372 687 484 757 imperii
500 704 596 740 cursus

135 759 318 829 supprimitur
337 764 437 826 22,15.
475 758 526 811 sub
551 776 597 813 ex-

134 831 189 884 teri
202 830 277 899 regis
287 830 396 884 invidia
406 830 510 899 inpune
519 847 597 899 gras-

135 903 233 954 santur
248 900 348 955 Cilices
365 906 476 970 101,13.
504 904 538 954 ut
552 918 597 954 ex-

134 974 266 1025 tenuetur
284 971 400 1041 invidia,
421 972 524 1026 sociale
538 972 597 1026 hel-

135 1044 195 1096 lum
207 1046 325 1098 vocatur
340 1049 452 1112 122,12.
471 1043 490 1097 i.
503 1046 598 1098 movet

134 1114 223 1167 nimia
247 1114 363 1185 Pompei
385 1114 514 1184 potentia
538 1119 597 1182 140,

137 1191 178 1239 12.
199 1186 216 1241 1.
231 1185 320 1239 vincit
336 1185 516 1240 clementiam
530 1185 597 1239 Cae-

136 1256 206 1311 saris
226 1263 316 1326 154,9

118 1328 346 1383 inundatione
363 1328 467 1384 Gallici
485 1328 597 1399 sangui-

135 1400 179 1453 nis
194 1399 329 1453 Camillus
346 1399 538 1454 incendiorum
552 1416 598 1454 ve-

138 1471 224 1540 stigia
243 1471 319 1525 delet
338 1477 430 1541 25,17

117 1542 249 1595 Ionium
278 1559 368 1595 mare
396 1543 516 1612 populus
544 1542 598 1594 Ro-

137 1629 236 1665 manus
255 1613 376 1682 primum
392 1613 516 1668 Laevino
535 1630 599 1666 con-

137 1682 197 1736 sule
211 1683 353 1753 ingressus
369 1689 411 1752 62,
422 1690 464 1738 20.
490 1684 599 1738 interl.

136 1756 165 1806 et
186 1755 329 1824 Aegaeum
351 1772 429 1809 mare
452 1754 599 1809 Corinthos

137 1824 265 1894 exposita
285 1830 376 1894 76,12

119 1895 172 1948 111
198 1895 270 1949 vivit
295 1896 325 1949 in
347 1899 437 1950 morte
459 1896 598 1949 Romano-

136 1984 198 2019 rum
217 1984 234 2021 a
248 1967 354 2036 Pyrrho
370 1984 514 2022 caesomm
528 1973 598 2037 35,3

118 2039 226 2108 Isara,
250 2038 361 2093 Calliae
379 2038 493 2106 fluvius,
517 2039 598 2093 testis

136 2109 272 2164 victoriae
290 2110 418 2165 Gallicae
437 2116 479 2179 89,
495 2117 527 2163 13

118 2181 269 2236 Isaurici
300 2199 455 2252 cognomen
485 2182 601 2236 adamat

136 2252 166 2308 P.
187 2253 320 2307 Servilius
342 2259 431 2322 102,1

118 2323 267 2393 Isauros,
283 2341 376 2392 arcem
386 2324 509 2392 Ciliciae,
523 2339 599 2377 ever-

136 2395 173 2447 tit
191 2394 221 2449 P.
242 2396 376 2450 Servilius
397 2402 456 2462 101,
472 2402 504 2449 21

118 2465 251 2520 Isidoro
280 2467 351 2520 duce
378 2467 488 2537 piratae
513 2482 600 2536 prope

137 2534 249 2589 Cretam
266 2538 472 2592 latrocinantur
491 2544 550 2607 101,
566 2542 600 2590 14

120 2607 172 2659 sub
200 2607 322 2660 Isthmi
351 2609 481 2663 faucibus
510 2611 599 2662 Mum-

138 2676 210 2730 mius
230 2677 357 2732 Achaeos
376 2680 471 2734 fundit
491 2687 532 2749 77,
548 2686 563 2733 2

119 2747 259 2802 Italiam
300 2751 421 2819 populus
457 2753 599 2804 Romanus

137 2819 244 2890 subigit
264 2826 327 2889 11,
353 2827 395 2890 17,
410 2827 434 2876 5.
459 2829 501 2889 11,
517 2828 540 2876 s.
558 2829 598 2877 11.

138 2898 179 2947 19.
216 2909 267 2962 per
295 2892 316 2946 Ι,
350 2892 428 2946 Calli
459 2896 601 2963 regantur

137 2969 184 3032 23,
204 2968 228 3019 8.
264 2980 314 3034 per
339 2965 359 3018 Ι.
383 2963 459 3018 Galli
485 2964 555 3018 vieti
583 2982 601 3019 a

136 3035 242 3088 Manlio
266 3035 416 3105 naufragia
440 3052 491 3089 sua
513 3035 599 3088 latius

136 3106 254 3160 trahunt
273 3113 315 3175 26,
331 3113 354 3160 6.
393 3106 453 3160 eius
472 3105 599 3176 pulcher-

137 3177 210 3230 rima
227 3179 314 3248 plaga
329 3176 483 3248 Campania
502 3182 600 3247 28,12.

137 3248 197 3301 eius
235 3248 447 3318 antiquissimus
480 3249 600 3319 populus

137 3319 236 3372 Vmbri
256 3326 355 3385 30,11.
393 3323 484 3375 totam
502 3322 522 3375 Ι.
545 3338 602 3375 una

137 3389 228 3444 veluti
250 3392 331 3445 ruina
354 3392 476 3448 involvit
493 3392 601 3447 bellum

138 3460 321 3515 Tarentinum
333 3469 376 3533 31,
386 3471 426 3519 16.
447 3463 600 3518 maximam

138 3530 197 3583 cius
219 3535 330 3601 partem
352 3535 473 3604 populus
496 3535 598 3589 Rorna-

667 349 720 385 nus
745 330 853 401 subigit
875 337 924 398 36,
941 339 964 386 1.
1006 330 1095 385 omnis
1111 331 1127 385 l.

666 405 732 472 post
754 402 896 456 Tarenton
919 419 1026 484 pacem
1050 402 1126 456 habet

647 515 649 520 -
669 481 711 543 37,
722 481 746 528 2.
775 474 796 528 Ι.
814 490 882 527 suae
896 473 999 527 Srcrha
1014 474 1124 541 quodam
1164 476 1166 485 '

667 545 752 599 modo
768 545 989 613 1111111426.
1017 544 1123 598 classen

669 615 948 686 Carthaginiensium
966 615 999 668 in
1015 617 1035 670 Ι.
1054 615 1120 669 1111-

669 690 784 758 gentem
803 689 873 757 aput
886 686 1071 757 Aegimurum
1082 703 1121 756 po·

668 759 752 828 pulus
770 759 914 812 Romanus
939 757 1035 812 caedit
1051 763 1089 825 47,
1102 764 1119 811 6.

669 829 721 883 sub
745 829 805 883 eius
831 828 963 882 faucibus
984 828 1033 882 siti
1049 828 1120 899 Ligu-

670 917 714 954 res
733 905 829 969 48,19.
862 901 882 955 I.
904 899 960 954 sibi
979 902 1061 970 rupto
1073 899 1119 953 foe-

670 972 736 1025 dere
762 970 854 1041 aperit
876 970 1024 1024 Hannibal
1047 976 1119 1039 52,2.

670 1043 730 1097 eius
742 1041 904 1097 vastatione
915 1042 1121 1113 Saguntinorum
1164 1056 1166 1065 ·

669 1114 800 1167 manibus
818 1113 921 1167 litatur
935 1119 978 1182 52,
994 1119 1036 1168 20.
1064 1113 1094 1166 de
1104 1113 1120 1166 l.

669 1185 764 1239 media
784 1184 912 1238 Africam
934 1184 1007 1238 facit
1029 1184 1121 1238 Hanni-

668 1256 719 1310 bal
734 1263 777 1323 57,
789 1263 812 1311 7.
842 1256 901 1310 eius
920 1255 1075 1310 visceribus
1090 1256 1122 1310 in-

669 1329 768 1381 haeret
791 1328 867 1381 idem
891 1332 938 1396 59,
954 1333 980 1381 2.
1017 1326 1123 1395 inulti·

670 1416 748 1452 mum
773 1398 833 1452 eius
862 1398 956 1452 sinum
982 1415 1012 1452 se
1035 1398 1124 1469 recipit

670 1470 746 1523 idem
770 1475 856 1538 60,1,
893 1469 924 1523 in
950 1468 1053 1523 ultimo
1077 1471 1124 1524 eius

671 1540 775 1611 angulo
807 1540 883 1594 Nero
916 1541 1038 1594 eundem
1072 1543 1124 1595 sub·

670 1615 766 1666 movet
790 1616 895 1679 60,15.
937 1611 969 1664 in
994 1613 1125 1666 nascentis

671 1684 691 1739 I.
723 1683 819 1737 fauces
841 1682 939 1736 Irivius
965 1683 1049 1754 signa
1073 1702 1124 1739 con-

671 1754 759 1808 vertit
777 1761 877 1824 60,17.
911 1755 932 1808 Ι.
953 1771 1022 1809 suae
1042 1755 1124 1810 clades

671 1825 702 1878 in
728 1825 854 1879 Africam
886 1824 1018 1880 vindicat
1044 1827 1124 1897 Scipio

672 1903 715 1965 61,
731 1902 772 1952 10,
804 1897 863 1950 1111
881 1896 974 1950 vietor
993 1897 1125 1952 Hannibal

672 1973 772 2036 61,19.
810 1968 852 2021 ibi
875 1967 1040 2023 dominatur
1061 1970 1123 2024 iden
1164 2006 1166 2025 .

673 2044 714 2107 62,
727 2045 768 2092 14.
787 2038 818 2092 in
827 2040 847 2093 I.
858 2038 1022 2109 demigrant
1032 2038 1124 2095 Cimbri

671 2109 792 2164 Teutoni
811 2112 896 2179 abque
910 2111 1042 2179 Tigurini
1056 2119 1095 2180 90,
1104 2119 1122 2166 1.
1164 2154 1166 2163 .

672 2180 732 2236 eius
760 2181 885 2235 claustra
912 2182 1000 2251 Alpes
1028 2188 1074 2253 90,
1091 2188 1122 2237 21,

672 2253 702 2306 in
733 2269 796 2306 eam
828 2251 934 2307 Cimbri
963 2252 1122 2309 Tridentinis

671 2323 746 2393 iugis
765 2323 907 2393 provoluti
927 2331 1029 2391 91,17.
1067 2325 1122 2380 lin
1163 2280 1166 2359 1

671 2396 791 2449 Venetia
809 2394 979 2449 mollissima
993 2403 1037 2466 92,
1048 2404 1071 2454 2.
1097 2395 1122 2448 li·
1163 2372 1166 2449 1

671 2467 788 2520 beratae
811 2467 831 2520 Ι,
858 2466 990 2520 nuntium
1016 2467 1121 2539 populus
1163 2452 1166 2521 1

672 2538 815 2591 Romanus
849 2554 900 2607 per
931 2537 1000 2592 deos
1034 2537 1122 2608 accipit
1164 2538 1166 2559 ¹

674 2614 783 2676 93,10.
822 2608 844 2663 Ι.
867 2608 1003 2663 invadere
1026 2608 1121 2664 Mithri·
1164 2606 1166 2659 ἶ

673 2679 752 2733 dates
767 2681 878 2733 tantum
893 2679 1033 2750 cogitarit
1044 2685 1121 2751 99,17.

672 2750 761 2804 satius
790 2753 852 2804 erat
877 2751 983 2820 populo
1009 2754 1121 2807 Romano

671 2821 702 2874 in
720 2823 740 2876 Ι,
765 2821 905 2875 dominari
923 2840 1011 2891 quam
1028 2823 1122 2879 viribus

672 2892 730 2945 suis
749 2893 849 2946 confici
868 2899 981 2962 113,16.
1012 2895 1095 2950 totius
1106 2893 1121 2946 1.

672 2980 808 3018 consensu
822 2964 919 3017 Livius
933 2965 1041 3020 Drusus
1052 2967 1122 3022 Crac-

673 3035 777 3088 chanas
800 3035 878 3106 leges
902 3035 1034 3092 adserere
1054 3053 1122 3092 cona·

672 3108 718 3159 tus
748 3111 810 3174 120,
830 3112 873 3162 23.
910 3106 988 3162 intra
1016 3109 1038 3164 I.
1067 3106 1124 3162 socii

673 3177 841 3231 nonminore
850 3178 960 3247 flagitio
970 3180 1125 3247 quamintra

1162 2236 1166 2263 1

672 3249 770 3303 urbem
785 3248 859 3303 cives
874 3248 1017 3304 rebellant
1027 3254 1124 3320 122,17.

672 3321 692 3376 I.
719 3322 817 3374 contra
841 3322 961 3374 matrem
988 3340 1068 3377 suam
1089 3338 1126 3374 ur-

671 3390 737 3445 bem
748 3391 892 3461 consurgit
902 3397 963 3460 123,
970 3400 994 3447 2,
1016 3395 1052 3448 ab
1061 3390 1128 3448 omni

672 3462 732 3516 eius
750 3465 831 3533 parte
848 3462 923 3516 bello
940 3464 1041 3519 sociali
1054 3465 1128 3535 signs

671 3536 777 3588 canunt
796 3539 913 3602 123,17.
951 3535 981 3590 in
1005 3536 1065 3592 eius
1088 3552 1129 3590 ex·
