2334 3922
523 169 639 221 INDEX
1021 164 1087 230 233

89 325 552 394 mininoduceb3,11.eamsta-
606 326 644 379 ad
690 325 922 394 Maeandrum,
974 342 1086 380 amnem

89 398 144 451 tim
162 396 232 450 Asia
251 398 361 467 excepit
380 403 484 467 64,11.
522 414 551 452 se

88 487 185 523 rursus
204 469 293 522 erexit
312 474 416 537 69,17.
453 469 552 523 Perses
582 514 585 522 .

623 396 722 461 Asiae,
745 396 901 451 Antiochus
920 398 1086 452 consederat

624 474 666 537 00,
683 474 715 520 19

90 557 155 594 eam
196 539 283 594 semel
319 539 350 593 in
385 542 552 610 perpetuum
607 539 657 608 Sp.
681 538 843 592 Maelium
865 538 1016 608 largitione
1040 557 1085 593 su-

88 611 197 665 victam
228 628 288 666 esse
320 628 377 666 non
408 613 492 681 putat
518 628 552 665 ex

625 613 752 680 spectum
788 609 908 680 populus
941 611 1085 664 Romanus

90 681 185 753 gentis
205 682 345 752 dignitate
365 687 408 751 70,
423 688 448 735 3.
476 682 552 736 idem
624 681 766 751 praesenti
780 683 870 736 morte
883 682 1039 751 multatio,
1052 687 1085 735 18

89 753 553 822 Meuamarmisferroquevallat
607 751 636 806 Ο.
669 752 826 806 Maenius
860 755 925 823 (cos.
954 759 1017 819 338)
1050 754 1086 807 de

91 830 138 892 70,
163 830 187 879 9.
231 825 268 880 Μ.
298 825 436 894 deprensa
462 824 551 878 Paulo

90 895 205 950 consule
225 901 306 965 71,1.
334 895 553 965 pulcherrimum

624 823 709 877 Antio
729 823 822 893 spolia
838 824 868 878 in
883 827 1017 894 suggestu
1031 823 1086 878 fori

625 893 734 964 suffigit
752 900 794 963 90,
809 901 826 948 4

90 967 125 1021 de
136 966 280 1021 eaPaulus
291 967 370 1021 ducit
378 966 553 1036 triumphum
607 966 644 1019 ad
662 966 816 1020 Maeotin
840 965 933 1020 lacum
951 965 1085 1020 Lucullus

91 1044 134 1107 71,
145 1043 188 1092 15.
209 1039 307 1092 eodem
322 1038 376 1108 die,
392 1054 446 1107 quo
460 1037 552 1092 victus
624 1037 753 1107 pervenit
772 1042 814 1107 96,
829 1043 847 1090 4

90 1111 135 1164 est
171 1109 269 1164 Perses
311 1109 341 1162 in
377 1109 552 1178 Macedonia,
606 1108 942 1179 Magabam‚Galatiae
952 1111 1086 1180 montem,

88 1181 197 1234 Romae
223 1181 367 1252 cognitum
390 1183 433 1234 est
448 1186 494 1249 71,
509 1187 552 1236 22.

624 1180 775 1249 Tectosagi
793 1180 956 1234 insederant
975 1187 1017 1250 69,
1033 1186 1049 1234 8

90 1251 222 1307 Castores
245 1269 262 1306 a
285 1253 323 1307 M.
348 1253 443 1306 venire
465 1251 553 1306 credi·
607 1250 682 1304 inter
699 1251 851 1320 Magram
870 1254 899 1305 et
911 1252 1018 1306 Varum
1036 1252 1087 1305 flu-

91 1325 154 1377 tum
171 1323 256 1394 volgo
277 1330 318 1392 72,
331 1329 356 1378 4.
386 1340 449 1378 eam
468 1323 553 1379 servi-
625 1338 691 1375 men
708 1321 825 1391 Ligures
845 1322 894 1376 siti
912 1328 987 1393 49,4

93 1396 156 1448 tute
183 1393 289 1448 multat
311 1395 442 1449 Metellus
462 1400 509 1464 73,
529 1399 553 1448 9.
607 1393 822 1447 Maharbalis
855 1394 943 1448 Poeni
977 1394 1085 1448 dictum

93 1482 157 1520 eam
175 1465 289 1520 ordinat
305 1465 381 1520 idem
397 1471 491 1534 76,18.
520 1482 555 1519 ex

626 1463 661 1518 de
680 1463 841 1519 Hannibale
860 1470 902 1534 55,
918 1471 934 1518 3

90 1552 126 1590 ea
136 1536 268 1590 Metellus
283 1553 437 1606 cognomen
446 1553 554 1590 merue-
608 1534 826 1590 maiestatem
841 1538 956 1590 senatus
969 1553 1086 1591 numero

91 1609 139 1661 rat
157 1613 203 1676 79,
219 1613 244 1661 9.
281 1608 407 1661 Africam
427 1608 464 1663 M.
485 1608 554 1662 Siei-

90 1678 161 1732 liam
183 1678 351 1748 Hispaniam
371 1679 390 1734 C
413 1679 553 1749 prioribus

91 1749 174 1803 annis
206 1750 310 1804 aetatis
347 1751 553 1805 transmarinae

91 1821 190 1874 domat
199 1821 320 1891 populus
325 1823 468 1876 Romanus
479 1826 521 1889 84,
528 1827 553 1877 9.

91 1909 142 1962 per
156 1891 284 1947 Thracen
298 1894 335 1948 M.
351 1910 404 1961 que
425 1895 454 1947 et
467 1893 553 1947 Grae·

92 1963 167 2017 ciam
199 1963 229 2017 in
260 1964 374 2018 Italiam
410 1963 553 2019 transilire

91 2034 272 2089 Mithridates
301 2036 410 2107 cogitat
438 2041 486 2104 99,
510 2041 552 2090 17.

90 2106 130 2161 Μ.
155 2123 172 2160 a
194 2106 328 2176 Pompeio
353 2109 552 2174 stat139,13.

90 2176 554 2303 cicatriculaattttt

521 2292 527 2317 1

70 2318 299 2374 Macedonica
317 2320 468 2389 disciplina
481 2319 554 2373 fero-

92 2389 167 2444 ciam
181 2390 321 2445 Thracum
335 2391 553 2461 temperat'Per-

92 2478 136 2515 ses
148 2466 190 2530 70,
202 2469 226 2516 7.
245 2462 283 2517 Μ.
294 2462 400 2516 bellum
411 2462 553 2532 (primum)

90 2531 205 2586 nomine
218 2533 339 2603 amplius
349 2551 435 2602 quam
445 2535 553 2603 specta-

92 2603 171 2657 tione
210 2604 282 2657 entis
302 2611 402 2673 69,11.
430 2605 468 2658 M.
485 2604 556 2658 belli

94 2622 210 2744 (secund

91 2745 179 2814 lyrios
200 2752 245 2816 72,
261 2754 286 2802 7.
322 2747 475 2802 Andriscus
498 2763 555 2800 non

93 2817 130 2873 M.
141 2818 226 2872 modo
236 2819 286 2872 sed
296 2818 434 2873 Thraciae
443 2833 555 2887 quoquo

93 2887 208 2942 auxiliis
227 2889 340 2943 validus
361 2895 434 2958 73,4

75 2959 237 3014 machina
273 2977 348 3015 nova
378 2960 408 3014 in
440 2960 557 3014 Cartha-

627 1606 748 1676 ampliat
775 1607 943 1676 Tarquinius
975 1608 1087 1661 Priscus

626 1683 674 1746 12,
689 1684 714 1733 3.
756 1679 794 1732 ad
822 1679 981 1748 augendam
1005 1679 1089 1733 liberi

625 1749 725 1819 populi
742 1769 779 1805 m.
799 1766 906 1803 summo
926 1750 1020 1804 studio
1040 1752 1089 1804 ad-

625 1820 704 1873 nisus
713 1820 846 1874 Horatius
856 1820 1087 1891 Publicola16,8.

625 1910 661 1945 m.
680 1892 783 1961 Reguli
806 1893 944 1963 supplicio
966 1911 1022 1948 non
1041 1895 1088 1948 de-

625 1963 747 2017 formata
770 1969 879 2032 46,11.
922 1967 1022 2033 captae
1050 1983 1086 2020 m.

625 2051 682 2087 non
705 2034 877 2088 reverentior
902 2035 974 2088 alius
998 2035 1088 2089 Paulo

628 2110 722 2172 71,11.
743 2121 823 2158 omne
838 2105 897 2159 eius
913 2105 998 2160 decus
1008 2122 1088 2159 sena·
1139 2154 1142 2160 .

626 2177 672 2228 tus
683 2175 767 2230 exilio
777 2175 895 2244 Metelli,
905 2176 1088 2230 damnatione

626 2246 717 2300 Rutili
739 2246 873 2301 amiserat
892 2253 1013 2316 191,19.
1050 2266 1087 2303 m.

626 2318 755 2371 Romana
765 2317 796 2382 Q.
806 2318 922 2372 Metello
931 2318 961 2374 L.
970 2319 1088 2372 Afranio

627 2405 697 2444 coss.
716 2390 777 2443 toto
797 2389 863 2443 orbe
882 2389 972 2459 pollet
986 2395 1046 2459 140,
1062 2396 1086 2445 9.

627 2459 740 2515 Octavii
751 2459 878 2514 Caesaris
893 2460 1014 2515 nominis
1029 2478 1088 2515 ma-

626 2530 729 2585 iestate
747 2532 873 2586 revocati
892 2533 929 2586 ad
947 2549 1026 2587 arma
1041 2550 1089 2588 ve·

626 2602 847 2672 terani156,13

211 2674 231 2745 i)
256 2676 387 2745 contagio
410 2675 500 2731 trahit
518 2675 554 2728 ll-
609 2672 682 2727 inter
708 2674 855 2728 Maleum
882 2674 980 2757 iugum
1012 2694 1090 2732 mon-

626 2747 726 2813 tesque
746 2745 897 2802 Ceraunios
918 2748 1028 2802 msulae
1047 2753 1090 2816 67,

629 2821 670 2870 20.
681 2833 759 2870 mare
768 2817 843 2872 inter
853 2817 974 2886 Cyrenas
986 2818 1089 2872 sinum-

629 2904 683 3012 ppp
693 2887 852 3012 limatae
863 2906 978 2942 aureum
987 2891 1092 2943 vocant

683 3003 690 3028 1

94 3030 170 3102 ginis
190 3031 404 3098 defensione75,
417 3038 458 3086 19.
481 3031 557 3085 fame
610 3030 768 3085 Mamilio
796 3030 991 3084 Tusculano
1019 3030 1091 3084 duce

94 3101 234 3155 machinis
262 3103 335 3157 ferro
358 3102 427 3156 fessi
449 3102 558 3172 Sagun-

630 3118 711 3156 omne
743 3101 857 3156 Latium
887 3101 917 3154 in
944 3101 1092 3169 Tarquinii
1154 3162 1156 3167 ¹

93 3172 149 3227 tini
168 3178 211 3242 52,
228 3179 250 3229 7.
286 3172 424 3227 machinis
442 3172 559 3229 Fulvius
630 3172 767 3227 ultionem
785 3172 863 3226 tollit
879 3171 987 3225 animos
1003 3177 1090 3242 18,18

93 3243 226 3299 Nobilior
252 3244 433 3298 Ambraciam
464 3244 558 3313 quatit
612 3243 792 3298 Mancinus
811 3263 836 3298 v.
856 3242 994 3296 Hostilius

95 3320 138 3383 67,
159 3320 200 3370 15.
240 3334 287 3371 eas
315 3316 463 3370 incendere
488 3332 558 3370 ausa
611 3314 768 3368 manibus
800 3313 958 3385 legatorum
987 3314 1089 3368 Roma-

93 3386 224 3440 Massilia
244 3393 304 3458 142,
319 3394 360 3443 20.
389 3406 425 3443 m.
444 3386 558 3441 validae
629 3403 729 3439 norum
752 3386 866 3439 strictae
885 3386 915 3438 in
933 3385 1091 3455 principum

94 3458 211 3512 navium
224 3459 414 3513 Romanarum
429 3460 499 3528 aput
512 3457 557 3512 Li-

94 3546 181 3600 paras
199 3535 242 3599 43,
259 3537 291 3584 11

629 3456 789 3525 Illyriorum
803 3455 877 3510 colla
887 3473 996 3511 secures
1006 3456 1091 3511 l'taut

632 3533 704 3597 51‚8.
720 3546 756 3581 m.
768 3528 987 3599 Saguntinorum
996 3531 1091 3584 rasta-
