2334 3922
97 182 126 236 X
409 186 612 238 PRAEFATIO
630 187 800 239 EDITORIS

101 355 134 412 et
157 352 277 411 sacculo
301 352 416 412 decimo
439 352 569 412 secundo
593 357 647 414 aut
669 353 761 414 tertio
785 355 840 413 aut
862 353 976 412 decimo
1005 355 1115 430 quarto

101 441 226 501 ineunte
259 441 373 519 script‘.
422 442 456 501 hi
485 441 637 503 immerito
672 461 691 502 a
721 441 881 519 permultis
912 441 986 503 viris
1018 441 1117 501 doctis

102 549 172 590 cum
198 531 413 591 recentissimis
435 531 497 590 illis
525 531 751 591 confunduntur
780 531 883 592 strix
904 530 1117 607 inspiciuntur.

102 619 190 696 siqua
218 623 321 680 autem
348 638 452 680 eorum
481 619 631 696 scriptura
663 620 801 680 alicunde
834 619 986 696 innotuit,
1023 638 1116 697 quam

101 709 189 768 unice
220 727 323 770 veram
356 727 421 768 esse
447 708 497 769 vel
524 708 614 770 inriti
646 709 807 769 concedere
839 712 1005 787 coguntrm,
1042 709 1116 767 felix

102 797 219 857 librarii
256 797 385 858 alicuius
419 797 592 858 coniectura
624 797 735 858 dicitur
766 802 821 858 aut
853 797 977 858 abbates
1014 799 1116 857 nescio

101 887 155 964 qui
172 886 266 946 mirae
285 886 462 965 sagacitatis
485 886 642 964 finguntur
664 888 717 963 qui
738 887 815 947 talis
833 878 1116 968 excogitaverint¹).

102 977 189 1054 quasi
211 993 283 1037 vcro
306 975 398 1035 iidem
415 975 630 1036 homunciones
654 994 729 1052 quos
751 976 784 1035 in
806 976 892 1035 nulla
914 976 1033 1035 salebra
1050 978 1117 1036 tur-

100 1064 224 1141 pissime
250 1064 421 1125 titubantes
449 1068 480 1125 et
506 1063 644 1124 labantes
671 1084 731 1123 non
759 1064 910 1142 videmus,
943 1064 1011 1124 aliis
1039 1064 1116 1124 locis

101 1152 278 1230 grauissime
306 1154 456 1231 corruptis
481 1152 651 1232 Scaligeros
673 1154 829 1213 Bentleios
852 1153 1041 1214 Hermannos
1065 1172 1116 1213 su·

99 1241 274 1318 peraverint
301 1242 447 1302 acumine.
496 1242 588 1302 huius
619 1243 716 1321 igitur
747 1241 865 1320 generis
899 1241 1015 1302 codices
1047 1242 1117 1301 dili·

101 1331 224 1408 gentius
260 1351 351 1409 quam
383 1351 401 1392 a
432 1331 586 1408 plerisque
622 1330 659 1391 fit
696 1330 885 1390 examinandi
917 1334 989 1390 sunt
1023 1334 1055 1390 et
1090 1332 1117 1391 si

101 1419 268 1497 scripturas
295 1421 450 1481 continent
476 1421 508 1479 in
535 1420 754 1482 vetustioribus
781 1439 842 1479 non
869 1420 1000 1480 traditas
1023 1423 1055 1480 et
1078 1420 1117 1479 de

100 1509 207 1568 fraude
238 1528 299 1568 non
326 1512 500 1588 suspectas,
532 1509 577 1569 its
603 1510 635 1569 in
662 1509 811 1569 auxilium
837 1509 966 1569 vocandi
992 1513 1029 1569 ut
1055 1528 1117 1568 non

101 1616 203 1658 omues
231 1617 336 1658 eorum
366 1598 586 1675 discrepantiae
610 1601 772 1658 enotentur
793 1598 846 1658 sed
868 1597 1023 1677 grauiores
1046 1601 1116 1657 tan·

103 1690 171 1746 tum
194 1690 226 1746 et
247 1687 399 1748 mentione
422 1687 584 1766 digniores.
1074 1755 1079 1763 ¹

169 1775 229 1835 Sed
254 1775 316 1835 iam
345 1777 503 1836 redeamus
530 1776 569 1836 ad
590 1777 722 1837 Florum.
768 1792 838 1835 oum
861 1775 941 1835 enim
964 1776 1004 1835 ad
1025 1793 1116 1835 suam

100 1884 346 1942 unumquemque
369 1865 547 1942 scriptorem
569 1884 706 1925 normam
729 1864 878 1924 edendum
901 1882 965 1924 esse
988 1883 1113 1925 consen·

100 1956 225 2013 laneum
247 1953 296 2031 sit,
319 1953 399 2013 idem
420 1954 453 2013 in
475 1954 566 2013 huius
591 1973 712 2033 quoque
740 1953 810 2013 crisi
836 1953 935 2012 facere
960 1953 1116 2033 debemus,

67 2065 88 2096 s:
104 2041 191 2103 cuius
221 2061 319 2120 neque
352 2061 454 2103 omues
482 2043 599 2104 codices
625 2043 750 2102 Iahnius
777 2042 977 2120 Halmiusque
1007 2062 1117 2121 cogno-

100 2134 210 2194 verant
236 2150 334 2210 neque
363 2150 440 2210 quos
466 2132 498 2191 in
525 2150 615 2191 usum
646 2134 830 2193 vocaverunt
851 2130 896 2190 ita
919 2133 1116 2192 contulerunt

100 2223 138 2280 ut
160 2239 229 2280 cum
250 2221 421 2298 pulvisculo
445 2221 585 2280 exhausti
608 2239 672 2280 esse
695 2221 756 2280 dici
778 2220 903 2297 possint.

67 2320 88 2360 B
167 2309 339 2387 Principem
356 2310 453 2388 igitur
472 2312 626 2371 vetustate
644 2304 747 2369 locum
758 2309 838 2369 inter
852 2326 954 2369 omnes
967 2309 1052 2369 Flori
1066 2329 1115 2370 co·

101 2397 182 2457 dices
202 2429 243 2438 -
263 2398 295 2458 id
313 2399 394 2476 quod
416 2399 598 2460 monendum
621 2402 668 2459 est
686 2400 792 2459 contm
812 2397 980 2474 Sauppium
998 2390 1116 2479 (opusc.

99 2480 129 2563 p'.
150 2477 229 2567 609)
253 2517 295 2528 -
317 2486 598 2566 Bembergensis
620 2487 646 2546 E
669 2487 717 2546 111
740 2489 781 2546 22
806 2478 862 2568 (Β)
886 2488 981 2564 tenet,
1004 2487 1116 2565 quippe

101 2574 154 2653 qui
173 2575 235 2634 iam
252 2576 373 2636 saeculo
391 2594 470 2635 nono
489 2576 613 2636 ineunte
632 2579 773 2635 exaratus
792 2575 841 2654 sit,
864 2593 933 2635 cum
951 2575 1115 2636 Nauariani

101 2663 252 2741 scriptura
277 2664 340 2724 ism
368 2663 413 2724 ita
436 2664 475 2724 ad
497 2682 625 2742 sequens
648 2665 804 2725 saeculum
825 2669 934 2742 vergat
957 2668 993 2724 ut
1015 2666 1114 2725 medio

100 2752 149 2813 vel
168 2753 291 2812 exeunti
309 2753 424 2814 decimo
442 2753 582 2814 videatur
599 2753 779 2814 tribuendus
793 2745 899 2835 esse2).
922 2754 1114 2814 membranae

101 2844 172 2900 sunt
202 2842 318 2902 formae
348 2842 556 2919 quadrantalis
587 2843 712 2903 minoris
745 2836 835 2923 (0,13
854 2851 897 2907 ><
918 2835 1008 2925 0,19)
1041 2844 1115 2903 satis

100 2948 219 2991 crassae
243 2934 275 2991 ct
296 2931 413 3009 fuscae,
440 2931 472 2990 in
500 2950 630 3009 quarum
656 2931 778 3010 paginis
801 2933 843 2992 53
866 2949 963 3009 usque
986 2932 1026 2992 ad
1050 2935 1114 2992 214

103 3049 141 3062 -
162 3038 233 3079 nam
251 3019 435 3095 praecedunt
453 3014 586 3082 ‘Daretis
598 3020 695 3099 Frigii
713 3014 852 3081 historia'
873 3024 904 3080 et
918 3014 1115 3082 ‘breviarium

99 3102 195 3169 Festi'
229 3108 335 3185 paullo
365 3109 566 3170 recentiorum
598 3129 744 3170 manuum
774 3141 813 3151 -
842 3110 951 3170 Florus
983 3109 1114 3189 singulis

172 3279 198 3358 1)
217 3293 281 3331 cum
298 3275 371 3332 tales
389 3276 464 3332 viros
483 3277 575 3346 qualis
594 3277 727 3334 Servatus
744 3277 839 3349 Lupus
853 3277 1041 3334 Ferrariensis
1058 3278 1115 3333 fuit

100 3345 257 3402 rariss1mos
285 3346 373 3403 fuisse
399 3351 522 3418 constat,
549 3352 611 3404 tum
637 3366 778 3418 nusquam
801 3349 849 3405 hic
870 3349 902 3404 in
925 3349 1054 3421 epistulis
1078 3351 1114 3405 de

101 3416 283 3488 scriptoribus
303 3436 320 3474 a
339 3435 368 3474 se
383 3434 418 3473 ex
430 3417 545 3490 ingenio
559 3421 715 3475 emendatis
729 3419 862 3491 loquitur,
886 3421 936 3475 sed
950 3421 985 3476 de
1000 3438 1114 3476 suorum

101 3488 303 3558 exemplarium
320 3489 399 3545 vitiis
418 3490 627 3561 comparatione
645 3491 764 3546 aliorum
783 3492 912 3547 codicum
933 3491 1077 3547 sanandis.

169 3563 197 3630 2)
214 3578 241 3615 v.
261 3577 334 3629 quae
354 3560 456 3616 ‘musei
473 3561 613 3617 Rhenani’
633 3561 720 3618 XLIV
738 3565 829 3635 (1889)
846 3582 873 3634 p.
890 3569 923 3618 67
942 3564 1066 3635 exposui.
