2334 3922
68 142 72 150 ’
100 173 166 240 aea
550 172 665 224 nom

122 349 137 388 1
160 330 281 412 vestigio
303 330 361 384 itur
383 330 414 383 in
437 331 463 384 S.
483 335 583 399 66,11.
657 328 784 411 Corinthi
807 327 917 382 excidio
938 332 981 397 77,
997 332 1021 381 5.
1054 344 1105 396 pro·

125 404 184 459 eius
218 402 358 456 Lrbanum
394 405 583 471 transgressus
655 403 750 471 posita
774 416 875 471 ingens
899 399 1035 467 Syllanae
1054 415 1106 467 pro-

123 473 273 543 Pompeius
295 478 359 541 100,
375 479 398 527 8.
435 472 466 527 in
488 473 583 528 Arme-

656 471 997 540 scriptionist.133,12.
1024 469 1107 523 feralis

119 543 583 612 niamCiliciaquuedistractae
654 542 771 598 tabulae
806 541 943 612 profugus
981 539 1108 597 Sertorius

120 616 257 685 reliquiae
280 614 419 670 exercitus
441 614 583 669 Crassiani

121 693 244 757 112,10.
283 687 309 742 S.
331 685 423 757 prima
441 685 583 740 Romanos

121 759 198 813 victa
216 757 415 828 conupit113,
431 762 473 811 19.
506 757 537 811 in
556 758 582 812 S.

630 665 632 669 ,
655 620 716 684 114,
732 621 764 668 11

637 684 810 740 tabulatis
848 683 1003 738 adlevatae
1033 699 1109 738 naves

656 755 771 811 Antonii
790 760 850 822 rer,
866 761 899 808 13

120 832 150 884 et
167 828 364 883 Macedoniam
388 831 584 883 concesserant
637 827 709 882 11111
727 828 867 898 Tagum,
891 825 1049 896 Hispaniae
1068 826 1112 879 flu-

121 901 225 954 Brutus
241 903 269 954 et
283 899 395 955 Cassius
411 905 472 968 159,
483 906 506 954 5.
534 899 583 954 ab·

121 972 183 1027 lata
202 972 229 1025 S.
249 989 266 1024 a
284 970 408 1025 Labieno
428 974 456 1025 11
469 970 582 1024 Parthis

123 1048 188 1112 164,
208 1048 232 1096 3.
275 1042 301 1095 S.
326 1059 343 1096 a
365 1040 498 1096 Ventidio
522 1041 583 1096 sine

121 1113 198 1168 bello
226 1115 339 1182 recepta
367 1119 431 1182 164,
461 1119 502 1168 12.
549 1130 583 1168 ea

120 1186 235 1254 repente
263 1183 362 1239 relicta
386 1183 526 1238 Antonius
552 1183 584 1238 in

120 1255 239 1309 Parthos
254 1254 392 1325 impetum
405 1254 476 1309 facit
486 1261 546 1324 165,
558 1261 582 1310 3.

122 1326 198 1380 idem
216 1325 247 1379 in
265 1343 328 1380 eam
343 1326 468 1397 perfugit
483 1331 542 1397 166,
558 1331 583 1381 9.

122 1397 219 1452 inea
250 1396 278 1453 d.
310 1397 430 1466 Caesar,
462 1397 584 1467 Augusti

98 1471 221 1539 nepos,
250 1485 284 1523 ex
310 1469 423 1523 volnere
451 1468 584 1523 occubuit

98 1545 214 1608 ¹rrae

104 1610 245 1676 Syriaco
259 1609 335 1664 bello
350 1609 485 1664 successit
498 1612 582 1665 Aeto-

121 1680 207 1733 licum
226 1685 268 1748 67,
284 1686 325 1734 12.
358 1680 583 1751 Gallograeciam

122 1752 148 1805 S.
159 1749 228 1804 belli
241 1749 323 1804 ruina
335 1751 478 1805 convolvit
488 1757 530 1821 68,
542 1759 581 1808 13.

123 1821 197 1875 aliae
214 1820 343 1888 aliaeque
358 1825 456 1890 gentes
472 1821 497 1876 S.
513 1822 583 1878 belli

121 1894 253 1947 secuntur
270 1891 381 1947 ruinam
399 1898 491 1962 69,16

106 1964 227 2033 Syriae
256 1964 340 2018 deae
364 1963 459 2018 Eunus
488 1982 582 2020 comas

122 2036 213 2090 iactat
232 2041 292 2104 125,
307 2040 341 2090 12

104 2107 216 2175 Syrtis
248 2106 323 2161 bello
355 2105 461 2160 Punico
493 2106 583 2176 primo

120 2179 248 2232 Romana
263 2177 361 2232 elassis
374 2178 522 2248 naufragio
533 2196 583 2234 suo

120 2248 249 2317 implevit
268 2255 310 2317 47,
326 2256 349 2304 9.
388 2249 512 2316 Syrtium
537 2267 582 2304 ac-

122 2320 198 2374 colas
225 2321 369 2389 Augustus
398 2319 482 2374 Cosso
513 2321 583 2376 duce

654 898 740 968 vium,
755 898 849 952 omnia
862 897 1020 967 populatus
1029 896 1112 951 Viria-

654 972 811 1039 1111111

637 1042 674 1096 ad
700 1040 843 1110 Tanain,
871 1040 1027 1095 terminum
1055 1057 1114 1111 gen-

654 1111 734 1182 tium,
753 1111 832 1167 venit
850 1111 987 1166 Lucullus
1007 1117 1081 1182 95,4

637 1183 821 1252 Tanaquil,
867 1200 938 1237 uxor
984 1183 1116 1252 Tarquini

654 1254 752 1324 Prisci,
772 1253 899 1309 Servium
913 1254 1041 1310 Tullium
1054 1257 1115 1311 edu-

655 1329 769 1380 caverat
788 1331 879 1395 1219

637 1396 923 1451 Tarcondimotus
941 1396 973 1451 in
991 1398 1117 1468 partibus

654 1468 770 1537 Pompei
791 1474 899 1538 139,12

637 1538 1118 1596 Tarentinaedeliciaeintrium·

654 1611 710 1680 pho
721 1610 873 1665 Tarentino
888 1616 986 1678 36,17.
1013 1613 1117 1667 bellum

655 1683 685 1736 T.
705 1681 824 1736 victoria
843 1681 995 1752 multiplex
1014 1689 1116 1753 31,13.

655 1755 741 1822 caput
765 1753 835 1808 belli
860 1756 959 1807 contra
982 1754 1118 1824 Pyrrhum

654 1823 800 1878 Tarentini
810 1830 852 1894 31,
865 1829 905 1878 15.
925 1824 1011 1879 multi
1024 1827 1118 1897 populi

653 1912 704 1964 pro
732 1894 768 1949 iis
798 1896 1007 1966 consurgebant
1033 1899 1118 1954 omni·

655 1966 764 2034 busque
784 1966 979 2022 vehementior
996 1969 1117 2039 Pyrrhus

635 2043 703 2107 .32‚
719 2043 760 2094 13.
798 2039 829 2092 T.
853 2037 973 2092 victoria
995 2043 1118 2096 ostendit

636 2109 753 2179 ‚populi
776 2109 897 2164 Romani
922 2108 1119 2169 fortitudinem

656 2186 751 2250 34,18.
784 2180 859 2235 bello
878 2181 909 2234 T.
927 2182 1053 2251 populus
1068 2186 1118 2240 Ro-

654 2268 754 2305 manus
770 2252 922 2305 maximam
935 2256 1051 2322 partem
1065 2257 1119 2310 aa:

654 2321 711 2376 liae
731 2321 844 2394 subegit
863 2328 905 2392 35,
923 2328 956 2376 21

121 2391 293 2460 compescuit
314 2396 422 2459 176,18

104 2462 208 2529 Syrus
240 2462 397 2529 MazzareS,
435 2463 583 2534 transfuga

122 2531 269 2585 simulatus
285 2539 344 2602 111,
361 2538 402 2588 18.
432 2533 458 2588 S.
478 2534 582 2606 Eunus,

122 2618 264 2656 servorum
282 2603 339 2656 dux
358 2610 467 2672 125,10

637 2392 804 2447 Tarentos
817 2393 965 2449 Calabriae
976 2398 1119 2462 quondam

655 2467 685 2518 et
710 2464 831 2534 Apuliae
858 2466 1002 2535 totiusque
1033 2468 1119 2523 Luca·

654 2534 719 2590 niae
747 2538 833 2606 caput
860 2542 910 2606 31,
935 2542 977 2592 19.
1016 2539 1117 2594 descri-

654 2605 732 2660 bitur
760 2613 807 2674 32,
832 2614 855 2662 1.
896 2611 962 2677 post
990 2608 1023 2664 T.
1053 2612 1119 2679 quid

655 2677 772 2732 auderet
794 2678 897 2733 Italia?
920 2684 963 2749 37,
979 2685 1003 2735 3.
1044 2682 1117 2736 Han·

655 2748 735 2802 nibal
767 2749 870 2803 maluit
900 2749 1002 2805 relicta
1030 2753 1119 2809 Roma

656 2818 839 2890 Campaniam
858 2821 946 2890 Tque
968 2840 1119 2896 peragrare

656 2896 698 2959 55,
710 2898 734 2945 9.
763 2891 815 2945 sub
833 2893 918 2946 finem
935 2893 1007 2948 belli
1021 2896 1121 2950 Punici

121 2958 192 3011 lium
210 2957 368 3014 referuntur
386 2957 480 3012 omnia
496 2961 583 3028 patri-
656 2962 772 3016 secundi
795 2963 932 3018 Tarentus
956 2966 994 3019 ad
1017 2967 1119 3022 Roma-

122 3029 210 3084 monii
217 3028 367 3100 dignitatis
375 3029 478 3083 aetatis
487 3030 583 3085 discri-
655 3051 707 3087 nos
725 3033 849 3088 redierat
867 3040 910 3104 59,
926 3041 941 3089 6

121 3099 584 3171 mina13,6.tabulaeintriumpho
637 3121 687 3173 per
706 3105 887 3175 Tarpeiam
909 3107 1051 3177 virginem
1072 3111 1120 3166 Sa-

124 3171 276 3227 Tarentino
286 3178 379 3241 36,16.
410 3173 540 3227 ordinata
555 3174 584 3228 in
656 3175 730 3229 binis
755 3178 854 3246 portae
876 3178 1007 3248 proditae
1027 3187 1058 3250 3,
1079 3187 1120 3238 12.

122 3243 174 3297 ΧΠ
202 3245 222 3296 1.
246 3245 308 3297 1111
335 3243 446 3298 iustitia
475 3250 583 3315 39,15.
658 3246 756 3300 Sabini
784 3265 846 3302 eam
873 3249 972 3319 clipeis
1002 3253 1120 3309 obruere

122 3317 143 3369 1.
172 3313 219 3367 vix
248 3314 394 3383 suffecere,
428 3332 491 3369 cum
520 3320 586 3387 post
658 3323 733 3385 8,14

125 3385 235 3439 Cannas
262 3384 438 3454 privatorum
464 3404 530 3457 opes
555 3387 586 3443 in
639 3389 847 3457 Tarquinios
866 3409 952 3445 manu
965 3395 1122 3451 reducebat

121 3455 268 3525 publicum
297 3457 470 3512 deferrentur
493 3465 539 3529 56,
560 3467 584 3515 2.
657 3459 800 3515 Porsenna
824 3468 865 3531 17,
886 3468 909 3517 9.
947 3465 1045 3521 Latini
1072 3485 1120 3522 eos

123 3530 142 3581 t.
174 3526 321 3597 proiectae
349 3545 365 3580 a
393 3529 527 3584 Mummio
556 3531 585 3583 in
658 3531 827 3586 adserebant
846 3539 950 3602 18,16.
988 3539 1050 3592 tam
1071 3540 1121 3594 diu

105 2743 291 2824 Tabernas
311 2744 388 2797 urbis
408 2747 583 2826 argentarias

121 2814 265 2869 Hanmbal
275 2814 375 2870 hastae
385 2817 505 2871 subrecit
515 2825 558 2888 60,
568 2825 582 2873 7

103 2887 134 2942 11
148 2885 289 2941 1111111
302 2888 367 2954 post
382 2887 508 2941 Servium
518 2890 583 2943 Tul-
