2334 3922
103 180 147 244 52
467 179 578 231 rnonr
596 179 756 231 arrroun

107 346 228 407 loedere
253 352 407 424 exceptam
425 343 571 404 Hannibal
595 361 697 403 causas
717 361 861 404 novorum
879 351 1014 402 motuum
1032 361 1121 421 quae-

108 454 179 496 rens
209 441 239 494 et
266 435 328 494 suis
357 440 387 494 et
413 435 546 513 ipsorum
573 431 710 492 manibus
738 433 844 492 evertit
871 438 904 492 ut
928 430 1041 492 ltaliam
1066 432 1122 492 sibi

71 531 194 603 orupto
219 523 338 583 loedere
362 523 500 601 aperiret.
538 539 652 581 summa
675 520 828 581 foederum
851 520 993 580 Romanis
1017 520 1121 600 religio

105 620 165 692 est3
189 608 289 690 itaque
314 611 350 671 ad
372 610 505 687 auditum
530 611 627 670 sociae
652 611 779 669 civitatis
798 609 946 670 obsidium
969 627 1134 670 memores

106 704 157 761 ioti
190 718 259 760 oum
289 700 397 759 Poenis
430 718 548 778 quoque
581 698 711 759 foederis
742 716 802 758 non
835 700 935 759 statim
968 698 1004 758 ad
1038 717 1120 758 arma
1146 714 1158 754 a

69 806 85 854 o
105 795 295 870 procurrunt,
314 788 386 849 dum
405 790 490 867 prius
504 806 587 847 more
602 787 733 866 legitimo
749 789 835 866 queri
849 787 970 848 malunt.
1009 787 1122 865 Sagun·

105 881 162 939 tini
194 879 314 938 interim
348 880 406 938 iam
438 895 544 937 novem
576 875 730 937 mensibus
763 876 835 936 lessi
867 876 943 936 lame
976 877 1122 936 machinis

106 968 200 1046 ferro,
232 984 317 1025 versa
349 965 477 1043 denique
511 969 542 1025 in
575 965 688 1026 rabiem
720 964 777 1025 fide
810 967 960 1025 inmanem
993 967 1025 1025 in
1057 958 1122 1024 loro

107 1057 236 1124 excitant
264 1071 382 1134 rogum,
414 1061 478 1114 tum
508 1055 638 1134 desuper
665 1072 697 1113 se
726 1071 857 1132 suosque
884 1072 953 1114 oum
982 1053 1122 1114 omuibus

72 1161 87 1209 ἰ
108 1143 213 1222 opibus
238 1144 300 1202 suis
324 1143 403 1202 lerro
422 1149 452 1203 et
470 1144 538 1222 igne
558 1149 761 1221 corrumpunt.
799 1142 888 1202 buius
907 1149 1006 1203 tantae
1027 1142 1120 1203 eladis
1136 1157 1161 1195 10

108 1239 210 1292 auctor
246 1230 391 1291 Hannibal
427 1234 568 1310 poscitur.
619 1231 884 1310 tergiversantibus
916 1231 1025 1291 Poenis
1063 1231 1123 1290 dux

107 1321 264 1398 legationis
289 1314 391 1399 ‘quae'
415 1322 512 1398 inquit
535 1316 630 1380 ‘mora
653 1315 736 1380 est?'
762 1318 897 1397 [Fabius]
922 1316 965 1379 ‘in
989 1320 1045 1380 hoe
1068 1338 1123 1397 ego

108 1411 177 1470 sinu
199 1407 311 1468 bellum
333 1427 496 1487 pacemque
519 1417 619 1490 porto;
642 1416 743 1470 utrum
768 1402 915 1487 eligitis?'
939 1409 1123 1469 succlaman-

108 1497 188 1558 tibus
217 1491 373 1557 ‘belluml'
401 1492 527 1558 ‘bellum
556 1493 662 1576 igitur'
687 1499 785 1576 inquit
808 1492 970 1576 ‘aecipite'
1018 1505 1048 1557 et
1071 1516 1122 1557 ex-

109 1604 195 1647 cusso
228 1587 259 1645 in
290 1586 388 1645 media
420 1588 503 1646 ouria
534 1592 619 1664 togae
652 1588 764 1666 gremio
796 1604 856 1646 non
889 1588 954 1646 sine
985 1586 1121 1666 horrore,
1137 1597 1162 1637 1⁵

109 1677 192 1753 quasi
217 1674 303 1753 plane
327 1676 395 1735 sinu
418 1673 529 1734 bobum
552 1674 652 1756 ferret,
676 1675 788 1736 effudit.

74 1781 90 1829 3
177 1762 288 1822 Similis
322 1765 418 1823 eiitus
453 1762 524 1823 belli
551 1765 646 1823 initiis
674 1763 737 1837 luit.
788 1781 856 1823 nam
885 1765 970 1842 quasi
997 1763 1051 1823 has
1080 1766 1125 1823 in-

110 1853 199 1912 ferias
232 1851 290 1911 sibi
323 1851 554 1930 Saguntinorum
585 1851 707 1913 ultimae
741 1852 822 1912 dirae
856 1853 887 1912 in
919 1851 971 1911 illo
1003 1851 1125 1931 publico

110 1939 270 2020 parricidio
308 1940 505 2019 incendioque
537 1941 740 2021 mandassent,
777 1942 819 2000 ita
850 1940 987 2001 manibus
1021 1958 1125 2001 eorum

109 2030 271 2090 vastatione
295 2028 405 2109 ltaliae,
429 2031 596 2108 captivitate
616 2030 740 2109 Africae,
763 2028 873 2089 dueum
896 2037 926 2089 et
947 2047 1052 2108 regum
1072 2032 1124 2108 qui
1138 2040 1163 2079 20

75 2131 90 2178 o
111 2117 140 2177 id
164 2135 283 2195 gessere
306 2116 418 2177 bellum
441 2119 531 2177 exitio
550 2125 738 2196 parentatum
757 2125 811 2177 est.
850 2119 941 2196 igitur
959 2117 1012 2178 ubi
1032 2117 1124 2179 semel

112 2225 143 2266 se
171 2209 202 2265 in
225 2205 366 2284 Hispania
394 2207 486 2266 movit
513 2205 561 2267 illa
589 2208 687 2284 gravis
716 2214 745 2266 et
768 2205 902 2267 luctuosa
925 2205 1030 2266 Punioi
1053 2205 1124 2266 belli

182 2395 203 2447 I
219 2398 233 2447 1
253 2395 372 2464 excepta
390 2393 506 2448 annibal
524 2393 622 2462 (annib
637 2395 723 2463 periit
739 2392 775 2449 iri
784 2395 929 2464 foramine)
944 2395 972 2448 Β
988 2397 992 2462 Ι
1010 2393 1127 2448 annibal

112 2467 134 2518 I
151 2467 156 2533 1
178 2465 308 2517 mutuum
326 2465 353 2517 L
375 2467 385 2533 l
407 2471 422 2518 2
447 2467 476 2518 et
499 2481 612 2519 suorum
630 2465 658 2518 A
682 2467 687 2534 Ι
712 2464 799 2518 uertit
817 2465 845 2518 B
868 2467 876 2535 l
900 2471 915 2518 3
938 2465 1079 2534 phoedone
1103 2473 1127 2520 et

131 2534 284 2588 hoedorum
307 2535 335 2587 Β
357 2537 367 2603 ll
390 2542 406 2589 t
429 2535 577 2605 phoederis
601 2536 629 2589 B
651 2539 660 2606 ΙΙ
684 2543 699 2591 6
718 2534 866 2606 morelegit
889 2535 974 2589 immo
1000 2538 1033 2591 in
1051 2551 1127 2589 more

112 2554 377 2730 latenrer
389 2605 423 2730 t
427 2605 904 2733 'nnNa
911 2609 966 2732 lt
975 2606 1128 2733 21111

113 2745 286 2801 immanonin
304 2749 361 2802 coel.
377 2747 438 2802 Vol.
453 2749 584 2804 Iordanis
597 2751 636 2816 19
656 2747 805 2818 omnpibus
824 2751 883 2818 (mn
900 2751 1063 2818 amboactae)
1080 2749 1106 2802 L
1120 2756 1128 2817 t

115 2823 148 2871 10
167 2816 227 2887 igni
248 2816 294 2873 01
309 2819 313 2886 Ι
335 2821 520 2889 conrumpunt
539 2822 560 2873 I
576 2823 580 2887 1
600 2819 683 2874 huius
707 2821 805 2874 tantae
824 2821 867 2875 bia
881 2821 1026 2888 prioribus
1044 2823 1129 2875 erosis

113 2890 141 2943 B
155 2893 164 2957 ΙΙ
179 2895 210 2942 11
223 2890 305 2942 autor
315 2888 431 2942 annibal
441 2891 516 2945 codd.
523 2890 606 2946 Heio.
617 2891 679 2946 Pol.
690 2890 823 2946 Iordanis
832 2889 949 2944 annibal
960 2892 1059 2945 auotor
1069 2892 1127 2947 Vol.

113 2961 246 3016 Iordanis
262 2960 268 3042 Ι
283 2960 339 3014 dux
357 2959 508 3032 legationis
527 2962 577 3016 del.
597 2962 716 3017 Iahnius
734 2965 743 3032 ΙΙ
762 2967 794 3015 12
814 2961 914 3030 inquid
933 2961 964 3031 (d
982 2964 1015 3016 io
1031 2963 1045 3015 t
1063 2969 1127 3017 mut.

113 3049 148 3087 oe.
168 3037 194 3101 r)
214 3032 242 3084 B
260 3031 360 3100 mquid
379 3033 401 3085 Ι
412 3034 416 3102 Ι
433 3031 537 3085 Fabius
556 3033 607 3088 del.
629 3033 772 3100 Graevius,
791 3041 855 3101 post
875 3031 1028 3101 legationis
1048 3035 1131 3102 ponit

114 3103 206 3157 Poris.
223 3107 293 3158 7701
309 3105 318 3172 ΙΙ
333 3108 365 3157 13
390 3101 466 3157 bello
490 3104 528 3174 ΙΙ
545 3102 787 3158 subclamantibus
806 3105 845 3174 Iu
861 3109 894 3158 14
912 3103 1013 3172 inquid
1031 3104 1059 3158 A
1073 3106 1082 3172 1
1097 3110 1129 3158 15

113 3191 240 3245 mediam
259 3191 366 3245 curiam
385 3192 411 3244 L
429 3193 540 3248 Moneo.
561 3193 653 3248 Polot.
680 3193 685 3261 Ι
709 3176 803 3247 brrore
828 3193 953 3261 (spiritus
975 3208 1010 3246 m.
1030 3194 1057 3258 1)
1076 3192 1104 3244 Β
1122 3204 1131 3259 g

115 3267 149 3315 17
167 3261 248 3316 initio
270 3261 359 3332 0l19
379 3263 510 3317 manibus
529 3266 558 3333 (a
576 3281 610 3319 en
628 3279 645 3317 ο
664 3270 784 3320 correcto
801 3280 837 3319 m.
855 3265 882 3331 1)
901 3263 953 3332 ΒΙΙ
971 3267 1006 3317 20
1025 3261 1131 3316 africae

114 3334 147 3387 in
168 3350 270 3388 rasura
291 3341 389 3403 septem
413 3336 579 3402 litterarum,
604 3352 722 3404 quorum
745 3336 827 3389 tertio
849 3341 874 3389 et
897 3339 999 3403 quarto
1016 3333 1132 3401 fuerunt

114 3405 160 3471 pt,
181 3411 259 3458 sento
282 3413 307 3460 et
329 3407 444 3474 septima
468 3422 501 3459 ae
520 3405 548 3458 B
572 3408 576 3475 Ι
604 3405 653 3474 qui
676 3405 718 3476 id]
742 3404 811 3474 quid
830 3405 864 3459 N
883 3403 953 3473 quid
976 3403 1006 3457 iti
1025 3406 1047 3457 I
1097 3409 1131 3457 22

115 3472 276 3542 hispaniam
294 3475 334 3543 (hi
349 3478 434 3545 periit
451 3479 484 3531 tn
501 3477 648 3546 foramine)
667 3476 695 3529 B
713 3475 844 3546 spaniam
861 3478 883 3530 Ι
899 3479 903 3546 l
928 3474 1026 3545 punici
1045 3474 1133 3546 (unici

102 3546 199 3609 periit
216 3546 246 3597 in
261 3546 411 3616 forontem)
431 3547 459 3600 B
