2334 3922
381 196 584 249 PRAEFATIO
603 196 773 250 EDITORIS
982 196 1083 250 XLVII

64 364 150 423 nium
188 362 358 442 figurarum
395 363 612 424 rhetoricarum
651 365 787 440 exempla
824 384 860 423 ex
900 366 1082 426 carminibus

64 452 253 532 Vergilianis
287 452 394 512 afferat
426 456 457 512 31
484 452 590 512 131313
619 443 662 533 (V
688 455 720 531 1,
746 445 780 534 1)
812 471 909 513 333133
936 456 989 532 331
1017 456 1083 516 3133

66 543 236 602 orationem
264 541 426 601 audierunt
449 543 526 601 inter
547 559 579 601 33
601 559 723 601 consono
745 560 896 602 murmure
923 545 1083 619 Verqiliura

18 622 21 627 ’
64 649 120 691 nou
149 634 254 691 31333
276 634 420 690 mauram
442 650 531 705 3333
547 635 666 705 poetam
688 631 853 691 13133133
875 635 1080 709 pronuntient.

63 739 211 798 personae
235 719 350 798 dialogi
380 723 500 796 praeter
521 719 647 779 Florum
669 721 769 797 ipsum
788 724 819 782 31
841 721 969 781 amioum
994 723 1082 782 illum

64 809 226 870 Buaticum
249 809 301 887 qui
324 808 356 868 in
374 808 526 885 prooemio
546 828 615 868 cum
634 829 667 870 eo
687 809 873 888 colloquitur
891 811 984 870 etiam
1002 830 1081 871 unus

10 956 12 961 .
64 903 92 959 et
114 900 198 959 altar
221 917 258 958 ex
280 898 318 957 iis
341 898 483 958 uidentur
505 899 608 976 fuisse,
633 917 708 976 quos
733 899 790 958 sibi
812 899 844 958 in
868 901 982 976 templo
1007 901 1081 959 Tar-

10 1030 13 1059 ,
64 986 223 1049 33333331
260 987 425 1047 occurrisse
459 986 556 1064 primo
590 987 748 1047 enuntiato
780 992 891 1048 narrat.
947 992 1081 1049 ceterum

63 1077 163 1136 lahnii
187 1076 364 1154 Halmiique
394 1077 531 1153 exempla
562 1081 684 1136 secutus
713 1077 810 1137 libelli
836 1078 983 1155 reliquias
1010 1078 1081 1138 huic

64 1165 192 1226 editioni
226 1164 349 1224 adiunxi
376 1166 468 1242 paulo
497 1165 587 1226 aliter
615 1185 705 1244 quam
733 1166 771 1225 ab
799 1167 861 1227 illis
889 1168 1080 1245 constitutas,

62 1273 130 1314 cum
164 1255 202 1314 13
235 1255 393 1331 scripturis
420 1255 626 1315 Bruxellensis
660 1258 767 1316 10677
797 1249 886 1338 (saec.
909 1249 983 1338 XII)
1011 1262 1082 1335 post

61 1343 227 1404 Oehlerum
250 1346 281 1403 31
299 1343 483 1404 Bursianum
502 1345 723 1405 3113333333
747 1337 877 1426 (‘Rhein.
896 1341 985 1406 Mus?
1008 1347 1080 1406 XVI

62 1427 180 1512 [1861]
203 1454 234 1510 p.
260 1424 338 1514 135)
367 1435 398 1493 31
429 1453 448 1493 3
473 1433 658 1493 Baehrensio
688 1425 833 1515 (1331133.
861 1430 941 1495 Lat'
968 1457 996 1512 p.
1023 1428 1080 1517 19)

62 1523 170 1582 collati
199 1523 259 1581 iam
287 1542 347 1582 non
375 1522 510 1582 dubitari
531 1523 629 1600 possit
652 1526 683 1582 31
706 1543 741 1583 ex
763 1523 879 1583 mendis
903 1543 981 1603 3333
1005 1525 1081 1584 33113

60 1613 163 1672 33113
185 1611 291 1672 133331
311 1612 402 1688 plura
426 1631 516 1689 quarn
535 1613 566 1671 in
585 1612 647 1671 11113
668 1612 850 1672 editionibus
869 1613 991 1673 sublata
1010 1614 1079 1674 sint.

59 1700 92 1760 in
130 1699 382 1761 adnotationibus
420 1704 523 1760 autem
560 1700 673 1761 criticis
709 1720 758 1761 333
790 1701 936 1763 lectiones
970 1703 1080 1781 quibus

60 1790 139 1849 nihil
168 1789 321 1850 adiectum
349 1792 396 1849 est
422 1790 494 1849 libri
521 1790 726 1850 Bruxellensis
754 1809 817 1851 3333
845 1792 896 1853 vix
924 1796 970 1852 est
999 1792 1079 1871 quod

57 1898 208 1939 moneam.

126 1968 193 2027 Iam
208 1967 384 2027 accedamus
404 1967 442 2026 ad
460 1967 661 2029 difficiliorem
680 1969 837 2046 aliquanto
858 1974 888 2031 et
906 1971 1074 2030 intricatio·
1110 1993 1122 2022 0
1164 2001 1167 2017 ·

57 2076 123 2118 rem
149 2057 357 2134 quaestionem
386 2058 422 2116 de
450 2058 617 2133 epitoma.
662 2062 699 2118 ut
726 2061 828 2117 autern
857 2059 893 2118 13
922 2060 1076 2135 scriptoris

58 2146 183 2206 nomino
211 2145 434 2224 ambigebatur,
463 2146 508 2206 ita
535 2166 615 2206 nunc
643 2146 679 2206 13
707 2147 777 2206 libri
807 2147 1002 2224 inscriptione
1027 2149 1076 2207 13-

59 2235 253 2295 liberandum
276 2239 330 2295 est.
376 2255 445 2294 nam
475 2236 709 2313 quamquamB
738 2239 769 2295 31
793 2235 814 2293 0
843 2238 874 2295 in
898 2255 933 2295 33
956 2237 1021 2295 3313
1044 2257 1077 2297 re

60 2325 234 2402 discrepant
258 2324 339 2402 quod
361 2324 387 2383 B
412 2325 450 2384 ad
473 2327 597 2398 epitoma
620 2326 656 2384 de
679 2325 743 2384 Tito
766 2325 854 2383 Idolo
883 2327 956 2384 haec
985 2325 1076 2385 verba

60 2414 331 2493 311311313113333
354 2415 505 2473 33331333
528 2417 938 2489 33333333331333313333
961 2415 1076 2475 111313.

59 2504 126 2581 duc,
150 2506 253 2563 tamen
276 2506 384 2562 neuter
406 2503 517 2564 titulus
539 2522 594 2579 pro
618 2503 749 2581 genuino
774 2503 878 2563 haberi
900 2507 1010 2581 potest.
1041 2509 1076 2565 ut

59 2596 179 2653 taceam
199 2593 323 2653 Florum
345 2593 376 2651 in
400 2592 605 2669 componenda
624 2592 756 2669 epitoma
779 2612 969 2671 nequaquam
988 2595 1075 2656 Livio

59 2684 123 2743 3313
156 2700 248 2743 usum
280 2700 345 2741 3333
377 2713 419 2723 -·
452 2682 488 2740 de
522 2700 582 2759 333
615 2701 647 2741 re
678 2681 757 2741 infra
788 2684 878 2759 plura
905 2683 1003 2742 dicam
1032 2716 1074 2726 -

58 2793 133 2832 num
156 2771 278 2831 credere
301 2770 375 2831 11331
398 2789 467 2829 333
490 2769 528 2828 ab
551 2771 605 2830 1113
627 2772 797 2847 profectum
821 2791 898 2850 esse,
927 2791 1008 2851 cum,
1039 2777 1077 2832 31

59 2862 186 2922 Iahnius
209 2859 284 2919 dicit
307 2851 349 2940 (p.
368 2851 503 2940 XXXV),
528 2854 570 2917 ‘in
592 2861 790 2939 praefatione,
813 2861 866 2920 ubi
888 2862 925 2920 de
949 2863 1073 2922 consilio

60 2951 158 3028 operis
182 2969 201 3009 3
223 2968 254 3009 33
278 2949 410 3026 suseepti
433 2949 511 3026 agit,
538 2969 575 3008 ne
603 2949 693 3009 verbo
722 2951 844 3027 quidem
863 2950 943 3011 Livii
970 2951 1073 3010 memi-

59 3040 147 3118 nerit,
172 3038 252 3117 3331
271 3039 369 3098 facere
389 3038 501 3115 debuit,
528 3038 553 3096 si
572 3058 640 3098 eum
659 3041 814 3116 tamquam
834 3041 950 3100 fontem
973 3059 988 3098 3
1013 3058 1074 3116 333

61 3147 114 3189 sua
138 3128 240 3189 omnia
262 3127 397 3187 hauserit
421 3127 586 3186 existimari
608 3122 739 3188 voluit'?
771 3128 859 3188 facile
883 3131 985 3187 autem
1009 3127 1074 3186 fieri
1151 3184 1160 3201 ,

58 3220 181 3297 poterat
206 3219 244 3277 ut
274 3216 433 3276 clarissimi
454 3217 591 3275 hlutarici
614 3236 722 3276 nomen
746 3222 801 3278 aut
824 3217 862 3276 31
885 3217 1071 3276 commenda·

59 3308 173 3368 tionem
202 3305 308 3382 scripti
335 3305 516 3383 adiceretur,
546 3308 601 3365 aut
629 3306 709 3382 quod
737 3307 768 3365 in
790 3306 895 3364 multis
919 3305 1074 3366 codicibus

61 3397 118 3457 Titi
145 3397 219 3456 Isioi
244 3396 401 3469 3331331133
431 3397 581 3454 omnium
613 3396 754 3455 librorum
785 3397 822 3454 ab
854 3396 926 3453 arbo
957 3397 1073 3456 3331113

57 3486 253 3564 praecedunt.
308 3484 413 3544 deinde
449 3483 542 3544 verba
578 3501 724 3542 3333333
759 3486 1002 3558 scptiaqeatorurn
1037 3505 1073 3545 ex

57 3576 154 3651 primo
187 3573 385 3652 praefationis
420 3573 578 3633 enuntiato
610 3573 708 3652 petita
740 3591 805 3634 esse
836 3576 979 3653 nunaunt,
1005 3593 1081 3633 oum
1122 3652 1127 3661 .
