2334 3922
114 176 158 241 50
477 178 589 229 suoru
606 177 767 228 carrona

114 343 334 422 deprehensum
353 328 454 402 est'-
470 344 580 420 quippe
600 343 678 401 sicut
695 343 811 420 primus
830 343 959 420 impetus
974 342 1017 400 eis
1032 343 1128 400 maior

114 449 203 510 quam
231 433 362 491 virorum
393 438 452 511 est,
481 433 522 490 ita
550 448 679 508 sequens
707 431 805 489 minor
828 447 916 508 quam
939 429 1127 510 feminarum,

77 519 219 599 eAlpina
256 537 380 599 corpora
417 521 532 579 umenti
568 518 649 578 caelo
687 518 810 578 educata
842 517 953 578 babent
985 517 1126 596 quiddam

114 608 210 668 simile
233 608 352 669 nivibus
376 610 453 668 suis:
476 603 593 686 †quam
616 625 685 667 mox
709 606 825 678 caluere
844 624 952 688 pugna,
975 608 1076 666 statim
1095 609 1126 666 in

46 770 49 775 ⁴
76 710 93 757 3
113 696 253 757 sudorem
277 704 348 756 eunt
372 704 401 757 et
424 696 481 756 leri
504 702 587 756 motu
611 697 697 774 quasi
720 694 781 754 sole
805 694 948 755 laxantur.
985 695 1017 754 hi
1036 713 1125 774 saepe
1152 707 1165 747 ⁵

28 786 64 819 Ι*
112 793 141 845 et
165 785 236 845 alias
260 793 289 845 et
307 785 486 844 Brittomaro
510 784 585 845 duce
608 801 669 843 non
691 786 776 862 prius
799 784 949 862 posituros
974 802 1006 843 se
1029 783 1126 843 baltea

112 892 200 951 quam
233 872 410 952 Capitolium
446 872 652 934 ascendissent
688 874 864 933 iuraverant.
918 872 1029 932 lactum
1066 879 1126 952 est3

74 964 204 1023 suctos
237 964 316 1021 enirn
344 961 486 1022 Aemilius
518 963 550 1020 in
577 960 722 1039 Capitolio
750 960 898 1021 discinxit.
944 978 1013 1020 mox
1042 962 1126 1020 Ario·

110 1051 186 1109 visto
210 1050 285 1110 duce
309 1068 415 1110 vovere
439 1049 475 1109 de
498 1056 673 1109 nostrorum·
688 1048 816 1109 militum
835 1048 944 1128 praeda
962 1048 1051 1108 blarti
1070 1067 1125 1109 suo

110 1145 256 1216 torquem.
302 1140 461 1216 intercepit
487 1137 620 1216 luppiter
651 1144 765 1216 v'otum3
797 1155 866 1197 nam
899 1137 935 1197 de
963 1137 1124 1216 torquibus
1140 1151 1165 1189 1⁰

74 1241 214 1289 teorum
247 1244 370 1286 aureum
397 1233 552 1305 tropaeum
579 1225 641 1285 lovi
668 1225 831 1286 Flaminius
859 1227 961 1286 erexit.
1008 1226 1124 1286 Virido-

109 1332 192 1374 maro
220 1333 290 1393 rege
314 1314 445 1375 Romana
473 1333 553 1375 arma
576 1314 703 1375 Volcano
726 1316 933 1393 promiserant.
980 1314 1124 1375 aliorsum

109 1410 175 1462 vota
205 1403 390 1484 ceciderunt3
423 1405 521 1463 occiso
550 1405 629 1463 enim
658 1421 727 1482 rege
754 1402 912 1463 llarccllus
939 1405 1028 1462 tertia
1056 1411 1124 1482 post

108 1491 266 1552 Romulum
289 1499 403 1570 patrem
426 1490 561 1551 Feretrio
585 1491 646 1551 lovi
669 1494 766 1571 opima
791 1491 954 1569 suspendit.

370 1703 444 1764 xxi.
477 1702 626 1762 BELLVbl
649 1702 858 1765 lLLYRlCVll.

19 1816 91 1928 n,5
172 1843 265 1923 illyrii
301 1863 354 1904 seu
387 1844 512 1905 Liburni
550 1843 604 1904 sub
643 1847 784 1905 extremis
816 1843 933 1923 Alpium
969 1844 1122 1905 radicibus

106 1940 196 2010 agunt
237 1935 316 1993 inter
348 1934 464 1992 Arsiam
495 1933 666 2011 Titiumque
708 1933 819 1993 llumcn
860 1932 1034 2011 longissime
1066 1952 1122 2012 per

16 2116 22 2127 1
176 2053 198 2104 Ι
223 2057 236 2104 1
261 2050 365 2121 quippe
389 2050 478 2104 uirtus
503 2065 598 2104 eorum
621 2050 695 2104 siout
714 2049 807 2130 primo
830 2049 939 2120 impetu
962 2048 1054 2104 maior
1077 2052 1100 2104 Ι
1112 2050 1122 2122 ,1

105 2126 120 2174 2
140 2138 226 2190 quarn
244 2153 278 2161 -
297 2121 389 2188 rninor
411 2123 511 2176 omisso
533 2122 597 2176 odd.
617 2120 658 2174 B¹
682 2124 687 2191 Ι
712 2123 755 2175 rto
778 2123 806 2189 (a
824 2127 944 2176 correcto
961 2139 995 2177 m.
1017 2127 1032 2175 1
1052 2138 1086 2176 ecc
1106 2137 1121 2175 e

103 2194 144 2247 cel
163 2196 190 2261 o)
208 2192 242 2246 N
259 2195 268 2262 ΙΙ
289 2197 305 2245 3
323 2192 457 2245 humente
475 2192 503 2246 A
522 2191 630 2245 umenti
649 2193 723 2261 (anm
740 2210 759 2246 u
778 2192 865 2247 deleto
882 2198 921 2248 est
937 2208 997 2246 uoto
1015 2192 1119 2261 littera)

103 2263 138 2317 N
152 2262 279 2317 humenti
293 2263 321 2317 L
340 2266 350 2333 l
372 2270 390 2317 4
409 2278 481 2331 quae
500 2279 564 2316 mox
582 2263 615 2316 vt
633 2264 675 2332 (vt
692 2280 779 2332 sopra
796 2279 902 2319 cereum
918 2279 953 2319 m.
968 2265 999 2332 2)
1015 2262 1048 2317 N
1063 2279 1118 2334 quq

103 2351 168 2388 mox
196 2338 228 2388 ut
251 2334 277 2386 L
306 2351 368 2388 curn
396 2350 461 2387 mox
483 2335 505 2386 I
528 2350 592 2388 curn
619 2332 668 2386 uix
695 2334 940 2405 Bezzenberperos,
967 2351 1006 2388 ao
1033 2350 1117 2402 quom

103 2404 213 2475 [mox]?
233 2407 238 2474 Ι
259 2404 390 2458 insudore
409 2406 563 2476 (sicquidem,
583 2421 652 2475 quoe
670 2422 699 2457 m
716 2405 855 2475 rectificat
886 2420 974 2474 snpra
992 2419 1007 2458 e
1022 2407 1118 2474 poenit

102 2492 136 2528 oc.
157 2478 184 2544 1)
202 2475 230 2528 Β
253 2477 262 2544 ΙΙ
285 2480 301 2527 5
319 2474 378 2529 leui
396 2475 436 2545 (ui
454 2482 575 2530 correcto
593 2492 627 2530 ecc
645 2476 696 2600 cup)
708 2476 735 2529 Β
754 2474 812 2529 leni
829 2447 962 2530 dalmtun
980 2476 989 2544 ΙΙ
1009 2480 1024 2529 6
1045 2474 1117 2528 alite

102 2544 130 2598 L
150 2548 154 2614 Ι
175 2546 204 2598 et
222 2546 243 2597 I
258 2545 308 2598 sed
326 2545 384 2600 Bo
400 2547 405 2613 1
424 2545 515 2599 britoo
534 2561 613 2600 maro
631 2547 660 2599 Β
697 2545 845 2602 rittomaro
863 2546 931 2600 B¹I
944 2544 1020 2600 brito
1038 2562 1117 2599 maro

102 2615 137 2669 N
160 2614 248 2670 britto
273 2631 352 2669 moro
375 2615 402 2668 L
429 2619 433 2678 Ι
457 2616 599 2684 posituros
623 2619 649 2670 A
678 2617 809 2671 colituros
832 2618 860 2687 (v
882 2633 970 2686 sopra
991 2615 1003 2669 i
1022 2619 1118 2686 posuit

101 2703 136 2739 ot.
155 2688 184 2754 2)
203 2687 237 2739 N
256 2684 397 2740 soluturos
415 2687 443 2740 L
467 2688 471 2755 Ι
497 2689 534 2741 se.
554 2688 581 2740 L
602 2688 612 2755 l
637 2694 652 2742 7
675 2687 783 2741 facturn
802 2689 897 2741 autern
915 2690 960 2741 est
978 2688 1007 2740 et
1025 2685 1116 2742 uictos

103 2772 150 2810 eos
169 2757 238 2824 1118
257 2755 356 2812 *enirn
374 2774 389 2829 p
408 2756 511 2810 mulius
531 2759 565 2811 N
576 2761 580 2828 Ι
597 2757 732 2813 discinxit
749 2760 778 2812 et
797 2758 873 2827 quod
891 2758 948 2811 dux
965 2773 1063 2811 eorum
1082 2758 1116 2812 de

101 2843 217 2881 romono
236 2826 322 2880 militi
340 2826 475 2909 praedem
493 2827 578 2883 murti
597 2846 647 2884 suo
665 2831 795 2898 torquem
814 2844 930 2883 aureum
953 2828 1117 2883 denotasset

100 2897 252 2968 intercepit
269 2897 394 2969 iuppiter
411 2898 449 2972 ΙΙ
470 2898 529 2953 ario
549 2898 624 2954 bisto
643 2901 671 2954 Β
690 2899 810 2954 eriouito
832 2900 923 2970 0i1⁰
940 2898 1046 2970 iupiter
1064 2899 1098 2953 N
1110 2901 1113 2970 Ι

101 2971 199 3024 uotum
218 2972 365 3039 (posterior
383 2987 402 3022 u
421 2977 540 3025 correcta
558 2987 592 3025 eac
610 2973 649 3040 er)
666 2971 693 3025 L
708 2973 712 3039 l
728 2973 826 3025 uotum
844 2971 874 3025 et
892 2971 927 3024 de
945 2970 1006 3024 eius
1026 2969 1115 3042 ipsius

101 3039 281 3095 ariobistonis
308 3039 512 3110 relicorumque
534 3041 676 3111 gallorum
698 3041 845 3111 torquibus
869 3057 985 3095 aureum
1008 3043 1057 3111 ΙΙΙ
1081 3047 1113 3095 11

100 3110 189 3165 erexit
206 3111 376 3166 flamminius
395 3114 417 3165 I
437 3114 441 3181 Ι
463 3112 634 3166 flamminius
652 3113 680 3166 Β
705 3116 709 3183 Ι
734 3129 783 3167 rex
801 3128 912 3181 quoque
931 3128 1028 3166 eorum
1046 3111 1114 3166 niri-

100 3182 231 3237 domarus
250 3199 367 3237 romana
386 3200 465 3237 arma,
483 3182 603 3237 uuloano
618 3182 800 3254 promisserot
812 3184 834 3238 I
846 3185 850 3252 Ι
866 3182 1050 3238 Virodomero
1066 3184 1092 3236 L
1106 3184 1115 3245 ζΙ

99 3258 132 3306 12
152 3253 273 3309 uuloano
287 3254 347 3308 BL
360 3257 369 3325 ΙΙ
385 3259 418 3308 13
437 3255 515 3325 rege]
531 3271 562 3308 eo
576 3257 598 3308 I
609 3256 613 3323 Ι
630 3254 714 3308 tertio
728 3257 750 3308 Ι
760 3257 765 3325 Ι
781 3256 881 3324 postea
899 3256 931 3308 io
948 3253 1035 3308 tertie
1049 3257 1115 3323 post

97 3331 163 3379 siccet.
179 3325 206 3377 Β
220 3328 277 3392 llll
296 3324 355 3379 ioui
373 3328 399 3394 (o
410 3332 474 3394 post
484 3327 659 3394 posteriorem
672 3325 683 3378 i
696 3327 793 3408 deleta)
809 3341 887 3379 orma
902 3324 1049 3395 suspendit
1062 3325 1096 3379 N
1105 3327 1115 3396 il

99 3399 132 3446 15
151 3409 313 3449 rnnrnrovnr
333 3396 359 3449 L
382 3399 391 3467 {l
414 3402 447 3451 16
466 3395 552 3450 Jllirii
570 3397 598 3449 Β
616 3395 712 3450 illirici
731 3396 758 3450 L
781 3395 877 3464 rllyres
896 3397 992 3450 eutem
1009 3395 1048 3466 ΙΙ
1065 3412 1114 3450 seu

98 3463 205 3531 lybirni
218 3466 246 3518 Β
263 3465 293 3518 id
313 3468 356 3520 est
374 3466 470 3520 ueneti
489 3483 538 3521 seu
554 3466 678 3521 liburnos
693 3469 733 3537 ΙΙΙ
749 3473 781 3521 11
795 3465 987 3535 titullumlque
1003 3467 1030 3520 Β
1044 3467 1113 3520 titu-

91 3533 211 3600 lumque
228 3537 268 3605 Ι)
282 3536 449 3609 longissime
468 3540 494 3608 (e
511 3539 543 3593 in
561 3540 671 3608 ramma)
690 3538 793 3593 flumen
811 3539 840 3591 Β
