2334 3922
370 209 572 262 PRAEFATIO
590 211 761 264 amoma
1011 211 1073 266 LIX

59 380 104 438 nis
141 377 312 438 similitudo
349 376 429 436 inter
464 394 567 437 omnes
604 377 666 436 fere
703 381 863 456 argenteae
899 379 1075 441 Latinitatis

60 468 224 545 scriptores
256 466 417 525 intercedit
448 468 480 526 at
509 465 605 525 maior
633 466 726 526 etiam
757 470 803 526 est
834 467 914 527 iuter
946 469 1073 529 Senecas

59 560 88 616 et
104 557 244 617 Florum,
282 554 422 614 Tacitum
439 557 544 614 autem
560 554 662 631 ipsum
678 555 812 632 plurima
833 556 980 632 imprimis
1004 576 1073 618 cum

58 645 170 706 Seneca
204 644 269 703 filio
297 643 468 703 communia
498 642 609 703 habere
637 644 844 720 comprobavit
871 646 909 703 M.
930 646 1072 707 Zimmer·

56 753 184 794 mannus
209 733 349 810 diligenti
372 732 623 792 commentatione
653 726 700 792 ‘de
724 734 830 793 Tacito
854 733 985 793 Senecae
1007 736 1073 812 phi·

57 824 175 902 losophi
211 815 377 991 imit)atore’
414 822 527 898 scripta
564 812 752 903 (‘Breslauer
787 822 891 899 philol.
931 823 1072 883 Abhand-

56 906 183 987 lungen'
207 910 236 968 V
256 913 299 970 1.

10 1006 12 1043 ÷
119 1002 228 1062 Pauca
265 999 302 1059 de
333 1000 389 1058 hac
421 998 553 1059 editione
585 999 710 1059 dicenda
741 1003 866 1060 restant.
913 1004 1004 1079 atque
1035 1002 1072 1061 de

10 1134 12 1139 -
57 1091 140 1151 libris
170 1089 294 1168 quidem
320 1107 413 1147 manu
440 1089 561 1164 scriptis
587 1091 618 1147 et
641 1107 716 1166 quas
740 1092 771 1148 et
795 1089 944 1166 quomodo
968 1110 1072 1150 eorum

10 1186 12 1191 '
58 1181 204 1240 lectiones
228 1177 260 1237 in
283 1181 464 1254 apparatum
487 1177 626 1237 criticum
648 1178 810 1254 receperim
829 1197 921 1254 supra
940 1181 1070 1256 exposui.

58 1270 104 1328 hio
126 1274 235 1329 tamen
257 1266 425 1326 addendum
453 1270 500 1326 est
528 1265 582 1325 ubi
604 1265 750 1326 librorum
773 1259 912 1348 B(I)NL
936 1268 1071 1330 diversae

58 1359 227 1436 scripturae
259 1375 319 1416 non
349 1356 515 1414 afferantur
543 1373 593 1415 eos
621 1374 690 1414 cum
717 1356 898 1416 lectionibus
925 1357 957 1416 in
984 1362 1072 1418 testu

58 1447 166 1524 positis
194 1463 360 1523 congruere
387 1444 612 1521 scripturasque
639 1444 671 1502 iu
698 1444 893 1505 adnotatione
921 1447 984 1507 sine
1007 1448 1071 1506 ullo

56 1537 142 1615 siguo
168 1535 285 1610 positas
307 1532 405 1593 tribus
423 1532 484 1592 illis
503 1532 656 1592 codicibus
674 1533 826 1610 primariis
844 1535 972 1612 aliisque
990 1536 1072 1594 haud

54 1625 162 1702 panus
181 1639 354 1683 communes
372 1639 446 1681 esse.
477 1621 558 1698 quod
576 1621 615 1680 ad
638 1622 937 1700 orthographiam
961 1624 1072 1683 attinet
1086 1649 1161 1688 orao-

55 1733 122 1773 eam
145 1711 223 1772 mihi
245 1712 344 1790 legem
366 1710 472 1787 scripsi
495 1713 530 1769 ut
551 1711 827 1772 vetustissimorum
845 1712 991 1772 librorum
1011 1701 1161 1772 BN⁸¹¹'¹'¹²i

56 1801 196 1880 vestigiis
211 1799 264 1860 ubi
276 1817 396 1877 possem
407 1799 586 1874 insisterem,
601 1817 670 1859 oum
679 1800 861 1860 recentiores
877 1821 1073 1879 quaeeunque

55 1892 102 1951 illi
132 1889 302 1968 singularia
328 1887 475 1965 praebent
500 1889 563 1948 fere
592 1888 841 1950 oblitteraverint.
889 1910 950 1968 qua
981 1891 1012 1950 in
1041 1910 1074 1950 re

55 1982 85 2040 N
104 1981 283 2057 frequenter
304 1977 431 2037 meliora
453 1977 546 2037 habet
564 1996 656 2054 quam
674 1979 708 2052 B,
732 1978 844 2055 quippe
864 1980 917 2056 qui
935 1997 973 2038 uo
993 1980 1074 2057 quod

53 2070 83 2129 N
106 2070 140 2128 in
170 2068 329 2135 Volcacius,
352 2068 447 2140 colpe,
470 2067 586 2134 ochus,
610 2067 717 2135 celtis,
739 2069 888 2141 parociis,
916 2068 990 2126 alibi
1013 2086 1074 2127 ser·

54 2160 141 2218 savit
173 2158 351 2233 plerumque
384 2155 415 2214 in
447 2174 490 2214 uu
523 2157 639 2233 mutet,
676 2156 891 2232 aspirationem
924 2156 1010 2217 velut
1041 2158 1073 2216 in

55 2247 227 2314 Hacmibul,
255 2244 381 2313 Hamae,
403 2243 594 2313 Hasdrubal,
622 2263 700 2322 quae
723 2244 848 2303 Iahnius
871 2244 1071 2323 Halmiusque

58 2336 212 2396 immerito
235 2332 494 2411 improbaverunt,
518 2335 673 2412 neglegat,
700 2352 754 2409 pro
777 2334 889 2393 litteris
911 2335 1072 2410 geminatis

56 2426 149 2486 utin
171 2424 346 2491 Maitores,
380 2423 501 2482 Dama
531 2423 666 2502 singulas
692 2425 787 2498 ponat
814 2423 935 2498 aliaque
962 2423 1072 2484 similia

56 2514 135 2576 vitia
163 2512 342 2573 committat.
388 2514 493 2572 oontm
519 2512 631 2571 formas
655 2509 783 2570 Graecas
810 2512 923 2571 iniuria
950 2512 987 2572 ab
1011 2514 1071 2573 edi-

57 2603 176 2664 toribus
201 2600 313 2661 alioubi
336 2604 453 2677 spretas
476 2600 609 2660 modoB
632 2600 765 2660 servavit
788 2601 876 2660 modo
900 2602 937 2661 N.
967 2603 1071 2680 itaque

55 2715 83 2770 p.
100 2696 153 2771 76,
168 2693 211 2752 20
230 2690 286 2749 BL
305 2690 413 2749 Elidos
430 2688 542 2748 habent
555 2689 584 2748 N
597 2689 711 2767 alluo,
734 2709 763 2765 p.
781 2692 852 2768 140,
874 2694 889 2750 1
912 2696 943 2752 et
963 2696 1035 2768 147,
1052 2696 1069 2754 9

56 2780 210 2858 Aegypton
232 2771 293 2860 Nl)
322 2780 403 2838 solus
426 2775 591 2853 Aegyptum
613 2778 682 2856 BL,
709 2799 738 2854 p.
760 2781 839 2858 101,
859 2782 897 2839 21
930 2780 1072 2857 Olympon

122 3024 156 3092 -1)
181 3019 317 3074 Graecam
340 3017 423 3072 huius
447 3018 568 3073 nominis
592 3019 711 3072 formam
734 3018 872 3073 Hadriani
897 3018 1070 3089 temporibus

58 3091 213 3148 invaluisse
235 3107 364 3143 nummus
389 3089 425 3143 ab
452 3106 484 3144 eo
509 3107 591 3143 ausus
615 3091 710 3158 docet,
734 3090 784 3144 ubi
809 3092 878 3145 deae
897 3089 1006 3144 sedenti
1026 3106 1071 3143 ca-

57 3165 147 3218 nistro
177 3160 290 3215 innixae
318 3160 432 3214 sistrum
459 3160 568 3216 tenenti
596 3162 728 3216 adstante
756 3160 834 3216 ibide
857 3162 994 3232 Aegyptos
1021 3161 1071 3214 ad·

58 3235 195 3305 scriptum
213 3232 318 3302 legitur
336 3231 447 3301 (Millin,
467 3232 584 3302 ‘galerio
602 3232 826 3302 mythologique’
847 3233 904 3287 tab.
920 3230 1071 3286 LXXXVII

58 3308 104 3376 dg.
120 3311 172 3360 376
193 3306 223 3360 et
239 3303 273 3359 Η.
289 3302 392 3372 Cohen,
413 3303 568 3357 ‘monnaies
586 3304 620 3357 de
634 3303 760 3374 l'empire
774 3303 883 3357 romain
891 3302 911 3334 ¹’
932 3303 959 3356 Π
976 3321 1003 3372 p.
1020 3308 1072 3357 114

58 3395 101 3433 nr.
117 3379 187 3447 110).
226 3391 260 3430 ex
282 3373 453 3429 allocutione
476 3374 615 3428 Hadriani
638 3376 676 3429 ad
698 3374 804 3428 milites
822 3373 853 3427 in
872 3372 971 3427 castris
990 3373 1071 3428 Lam-

59 3446 216 3503 baesitanis
239 3449 351 3516 reperta
373 3444 451 3515 (0.1.
472 3445 501 3498 L.
521 3446 586 3499 VIII
605 3449 685 3515 2532)
707 3446 762 3499 hae
780 3446 887 3499 formae
906 3445 1072 3500 confirmant

59 3519 214 3589 scripturas
238 3517 367 3572 codicum
383 3516 578 3571 Florianorum
597 3519 647 3571 aut
665 3516 736 3570 alias
756 3516 792 3569 ob
812 3532 910 3569 causas
929 3516 1071 3571 mentione

60 3591 164 3660 dignae
184 3590 262 3644 sunt:
290 3596 359 3658 aput
376 3607 429 3656 me,
454 3606 488 3644 ex
505 3591 634 3657 cocturis,
652 3590 677 3643 ci
695 3589 763 3660 quit,
788 3589 986 3656 aaaruccistis,
1003 3606 1072 3645 emu-
