2334 3922
72 191 163 244 XXIV
385 193 586 244 PRAEFATIO
606 193 775 245 EDITORIS

73 361 90 420 I
113 362 168 435 48,
191 364 224 436 73
250 359 361 419 Iustini
383 359 452 419 XLI
477 362 510 436 6,
530 363 567 434 53
599 360 672 418 libri
695 360 731 418 de
753 359 826 420 viris
849 359 968 417 inlustr.
991 361 1088 435 7,18

74 449 245 509 confirmari
279 449 417 526 videtur,
455 449 547 508 6216111
582 449 794 525 interpolatori
830 448 923 508 alicui
960 448 1088 524 simplei

73 539 199 600 verbum
226 557 280 614 pro
309 538 487 616 composito,
518 557 577 614 quo
600 538 709 596 Florus
738 538 842 596 eadem
865 536 1089 615 significatione

75 627 351 703 6216111113,68
380 626 492 704 utitur,
519 626 551 685 in
578 630 711 686 mentem
740 626 883 685 facillime
906 626 1012 686 venire
1034 646 1087 703 po-

74 717 170 776 tuisse
185 718 320 793 apparet.
346 719 451 775 contra
468 715 485 773 I
500 720 528 793 1,
544 719 572 793 2,
593 719 611 774 2
626 719 697 792 post
710 717 880 793 6666161616,
893 715 948 774 ubi
961 715 1089 775 verbum

76 805 227 883 quoddam
259 807 363 881 aperte
395 804 519 881 excidit,
551 807 661 864 6166612
691 823 709 862 6
740 805 827 864 Livio
858 803 874 862 I
902 805 953 880 20,
984 807 1000 863 1
1037 798 1089 883 (cf.

75 894 254 954 Lactantius
276 894 345 952 inst.
368 893 427 954 div.
451 893 464 950 Ι
486 896 536 972 22,
556 889 591 970 4)
613 897 717 969 petere
740 894 830 956 licere
852 892 1009 970 probabile
1035 896 1088 952 est.

76 986 109 1042 62
141 983 221 1059 quod
255 982 418 1058 opinantur
449 982 495 1041 his
528 983 601 1042 locis
632 983 730 1060 iisque
763 982 872 1059 quibus
903 982 1090 1042 recentiores

39 1093 59 1122 a
78 1072 239 1147 scriptores
261 1071 385 1130 Florum
409 1071 648 1147 compilaverunt
670 1072 756 1130 litem
777 1072 862 1130 illem
881 1071 918 1129 de
941 1071 1090 1130 librorum

76 1161 103 1218 B
127 1163 181 1218 aut
204 1158 227 1219 O
250 1160 363 1218 maiore
391 1160 573 1220 auctoritate
603 1160 703 1219 dirimi
731 1179 818 1236 posse
846 1160 1018 1219 accuratius
1043 1160 1088 1219 vi-

76 1249 207 1307 dendum
239 1252 292 1308 est.
337 1249 493 1308 verissime
527 1249 648 1326 quidem
681 1247 712 1308 O.
732 1249 1010 1326 Zangemeisterus,
1043 1248 1091 1309 vir

78 1338 271 1410 clarissimus
294 1338 326 1396 in
345 1335 444 1396 Orosii
468 1337 598 1397 editione
623 1338 745 1415 egregia
767 1359 795 1414 p.
814 1337 926 1397 XXVI:
950 1332 1089 1398 ‘Orosius

76 1445 146 1486 cum
168 1420 227 1486 his'
251 1417 506 1507 (·i·librismss
527 1418 845 1508 Heidelbergensibus)
865 1420 1091 1504 ‘potiusquam

76 1535 145 1575 cum
177 1516 393 1590 Bambergensi
430 1517 596 1594 consentit,
633 1516 763 1593 indeque
799 1516 865 1575 eius
897 1516 1091 1594 recensionis,

77 1605 166 1663 nimis
195 1605 301 1682 opinor
327 1605 386 1663 huc
413 1623 510 1681 usque
537 1606 702 1680 neoleotee,
731 1607 868 1666 vetustas
900 1608 982 1664 certo
1010 1623 1090 1664 asse-

76 1687 176 1753 ritur.'
222 1713 326 1752 verum
350 1693 500 1753 enimvero
523 1693 593 1752 hino
615 1713 675 1754 non
698 1693 841 1771 efficitur,
868 1693 900 1752 id
928 1695 1010 1770 quod
1038 1693 1092 1753 alii

76 1785 200 1859 putant,
235 1801 301 1840 6611
328 1782 425 1841 612616
452 1782 624 1842 recensione
652 1775 705 1864 (O)
733 1783 932 1843 vetustiorem
960 1801 1027 1842 esse
1061 1785 1092 1841 et

77 1870 260 1947 ubicumque
283 1871 356 1929 haec
380 1870 417 1929 ab
440 1871 495 1930 illa
518 1871 675 1950 discrepet,
698 1871 947 1947 interpolationes
971 1871 1042 1931 libri
1065 1872 1090 1929 B

78 1960 255 2019 statuendas
279 1978 350 2019 esse.
396 1978 467 2018 nam
498 1960 524 2019 61
547 1959 671 2020 Orosius
695 1960 846 2020 interdum
868 1979 938 2019 61111
961 1959 983 2020 O
1006 1960 1093 2038 facit,

79 2049 132 2107 6111
168 2051 261 2108 266266
293 2068 353 2108 161
385 2049 484 2107 minus
517 2050 683 2126 locupletes
715 2048 785 2107 libri
819 2050 843 2106 B
876 2049 1093 2110 auctoritatem

78 2137 273 2214 amplificant.
296 2137 382 2198 velut
400 2138 415 2196 Ι
432 2141 459 2215 1,
476 2142 503 2216 1,
520 2141 537 2196 6
553 2138 644 2196 huius
658 2138 809 2214 scriptura
827 2139 963 2197 adbibere
975 2139 1095 2212 placuit

78 2228 146 2286 deos
168 2227 271 2286 libello
295 2227 331 2286 de
355 2227 429 2304 orig.
454 2230 534 2304 gent.
557 2226 702 2286 12611123
728 2226 935 2305 confirmatur,
964 2227 1091 2287 Omale

79 2316 199 2376 exhibet
222 2318 377 2376 adhibuere
394 2306 550 2396 piacolu¹)
574 2319 605 2375 et
627 2315 698 2375 ibid.
719 2313 738 2391 ξ
760 2320 810 2394 13,
833 2317 887 2375 ubi
906 2315 1007 2377 Orosii
1030 2335 1094 2376 me-

79 2404 173 2482 gister
195 2404 387 2483 Augustinus
415 2405 451 2463 de
475 2405 555 2465 civit.
580 2404 757 2465 16111113
787 2405 867 2464 idem
893 2405 986 2465 habet
1009 2406 1092 2482 quod

78 2493 105 2551 B
136 2496 217 2552 intra
247 2497 362 2553 1666616
392 2512 447 2569 pro
480 2495 520 2552 ud
551 2496 677 2571 1666616,
710 2494 790 2571 quod
818 2498 864 2554 est
891 2495 923 2552 in
950 2494 975 2553 L
1004 2494 1093 2555 Voss,

78 2581 163 2640 Harl,
192 2582 286 2641 Paris.
311 2584 395 2642 5802
420 2574 542 2663 Bern2).
592 2583 698 2641 deinde
727 2583 741 2641 1
765 2585 824 2661 27,
848 2585 867 2642 5
900 2582 982 2642 Rufii
1007 2583 1095 2644 Festi

79 2670 229 2730 breviario
257 2662 337 2752 (cap.
358 2674 412 2747 11,
433 2661 480 2750 2),
508 2671 589 2748 quod
617 2674 648 2730 62
676 2671 778 2747 ipsum
805 2671 910 2732 Oresio
937 2673 1094 2733 vetustius

80 2761 140 2836 est,
172 2759 402 2837 Bambergensis
434 2759 585 2835 scriptura
616 2762 775 2834 mopoboret
806 2755 947 2839 (1666626
974 2762 1095 2840 FestuS,

80 2839 221 2930 Orosius)
249 2846 455 2925 confirmatur,
484 2867 553 2906 cum
575 2849 605 2906 N
634 2842 754 2930 (etiem)
783 2850 861 2909 etL
890 2842 1018 2932 (opium)
1041 2851 1095 2911 111

79 2937 178 2996 ullum
206 2937 269 2996 veri
295 2935 458 3014 vestigium
486 2937 672 2999 servaverint
700 2941 731 2997 et
753 2939 785 2998 Π
808 2941 864 3016 32,
883 2941 926 2998 44
957 2940 1093 2999 eiusdem

152 3145 178 3212 1)
207 3157 241 3196 61
268 3140 407 3211 scriptura
435 3141 539 3196 codicis
567 3142 590 3194 B
617 3141 752 3211 primaria
779 3143 900 3196 necdum
928 3143 965 3197 ab
994 3144 1096 3198 eadem

80 3231 165 3268 manu
184 3216 295 3268 mutata
309 3215 428 3282 placuit,
448 3213 526 3266 euius
547 3230 632 3267 causa
651 3215 694 3268 est
712 3213 825 3267 litterae
844 3213 854 3266 i
872 3214 963 3268 forma
980 3214 1097 3285 longior

82 3287 111 3338 et
133 3284 245 3340 litterae
268 3284 279 3337 l
303 3284 460 3351 simillima,
484 3285 623 3352 quomodo
648 3284 764 3339 alteriue
789 3284 886 3339 classis
912 3285 1007 3355 gravis
1034 3304 1096 3341 cor-

81 3355 193 3424 ruptela
212 3373 275 3409 cum
293 3355 512 3425 interpolatione
531 3355 682 3410 coniuncta
696 3355 763 3411 oriri
777 3355 902 3425 potuerit
915 3357 1093 3427 perspicitur.

154 3429 275 3496 2)16116
296 3429 404 3482 11166611
427 3443 489 3480 cum
513 3443 546 3481 ex
565 3427 694 3482 omnibus
717 3427 800 3481 huius
823 3427 993 3483 recensionis
1013 3428 1096 3483 libris

83 3495 158 3551 eolus
182 3497 208 3550 N
231 3498 349 3567 habeat,
377 3497 471 3552 nescio
500 3515 537 3552 an
558 3498 629 3551 baec
652 3497 792 3568 scriptura
816 3515 849 3553 ex
874 3498 947 3553 libro
971 3500 1096 3568 quodam

81 3567 198 3623 alterius
217 3568 387 3623 recensionis
405 3568 436 3622 in
455 3585 517 3622 eum
535 3568 617 3624 illata
635 3569 680 3624 sit.
