2334 3922
154 874 194 934 P·
216 872 336 934 ANNII·
359 872 488 934 FLORI·
511 872 724 934 VERGILIVS·
748 872 916 935 ORATOR·
939 874 990 934 AN

459 987 546 1059 poeta
569 983 683 1060 incipit.

131 1117 155 1201 †
183 1121 317 1201 Capienti
344 1122 419 1181 mibi
445 1124 477 1181 in
504 1121 614 1201 templo
643 1130 672 1183 et
700 1125 832 1183 saucium
860 1123 958 1202 vigilia
986 1133 1075 1203 caput

63 1211 259 1291 plurimarum
281 1210 420 1271 arborum
443 1213 628 1292 amoenitate,
654 1214 826 1290 euriporum
848 1212 971 1294 frigore,
995 1216 1073 1274 aeris

35 1300 200 1360 alibertate
228 1303 376 1361 recreanti
403 1299 518 1359 obviam
546 1299 643 1360 subito
672 1299 791 1380 quidam
814 1300 1013 1382 fuere,‚quos
1036 1302 1072 1362 ab

63 1388 149 1449 urbis
190 1388 359 1468 spectaculo
395 1387 543 1448 Baeticam
578 1396 763 1449 revertentes
800 1390 921 1449 sinister
956 1390 1072 1450 Africae

62 1487 169 1538 ventus
201 1480 233 1537 in
265 1478 321 1538 hoc
352 1477 422 1537 litus
456 1484 634 1538 excusserat.
680 1495 808 1556 quorum
840 1494 931 1559 uuus,
963 1480 1009 1538 vir
1040 1486 1074 1540 ut

63 1573 166 1645 postea
189 1569 326 1645 apparuit
347 1566 455 1626 litteris
473 1567 672 1648 pereruditus,
697 1565 794 1628 subito
814 1566 916 1627 adme
936 1570 1074 1628 convenit

64 1663 94 1716 et
117 1651 219 1715 ‘salve'
246 1657 343 1734 inquit
366 1651 494 1735 ‘hospes
540 1656 599 1715 nisi
626 1655 784 1716 molestum
807 1662 865 1737 est,
893 1656 941 1716 dic
964 1674 1072 1717 nomen

27 1741 161 1825 10'tuum3
184 1762 252 1803 nam
275 1746 375 1804 nescio
399 1744 469 1822 quid
495 1744 573 1805 oculi
596 1747 655 1804 mei
679 1751 848 1805 ammonent
867 1752 896 1805 et
916 1747 1000 1824 quasi
1019 1764 1073 1824 per

63 1832 199 1894 nubilum
226 1850 406 1912 recognosco
434 1833 504 1911 quid
533 1829 622 1894 istic'
665 1829 746 1913 ‘hic',
773 1836 907 1914 inquam,
940 1829 1073 1894 ‘Florum

63 1922 156 2002 vides,
178 1922 304 1982 fortasse
328 1928 356 1981 et
380 1921 519 2003 audieris,
543 1924 569 1982 si
587 1929 686 1982 tamen
705 1925 737 1982 in
756 1921 806 1981 illo
826 1921 906 1982 orbis
925 1930 1073 1982 terrarum

64 2009 258 2071 conciliabulo
287 2010 341 2070 sub
364 2009 529 2070 Domitiano
555 2013 690 2093 principe
718 2012 873 2071 certamini
896 2017 998 2070 nostro
1022 2011 1072 2071 ad-

63 2094 169 2160 fuisti?
215 2106 245 2160 et
276 2098 412 2159 Baeticus
445 2095 527 2160 ‘tune
560 2094 604 2160 es'
632 2100 728 2177 inquit
761 2095 808 2159 ‘ex
840 2098 951 2177 Africa,
983 2117 1072 2177 quem

27 2201 50 2241 1⁵
64 2206 180 2249 summo
209 2206 356 2248 consensu
383 2184 595 2267 poposcimus?
621 2189 713 2247 invito
742 2187 863 2266 quidem
890 2186 1014 2247 Caesare
1043 2194 1073 2247 et

61 2279 235 2358 resistente,
262 2295 322 2336 non
350 2277 429 2355 quod
456 2276 511 2337 tibi
537 2295 630 2356 puero
654 2276 812 2356 invideret,
836 2275 888 2335 sed
911 2294 949 2335 ue
975 2275 1072 2336 Africa

61 2383 203 2426 coronam
230 2368 329 2444 magni
356 2365 433 2425 lovis
461 2360 638 2445 attingeret?
685 2383 759 2443 quae
789 2383 856 2425 cum
883 2382 930 2425 me
958 2364 1073 2425 videret

60 2455 228 2515 verecunde
252 2460 475 2535 agnoscentem,
500 2457 532 2514 in
554 2454 722 2533 amplexum
745 2453 907 2514 effunditur
930 2459 961 2513 et
983 2447 1071 2514 ‘ama'

60 2545 160 2622 inquit
183 2539 286 2622 ‘igitur
313 2544 459 2604 fautorem
486 2538 591 2617 tuum?
638 2538 754 2621 ‘quidni
777 2537 907 2602 amem?
931 2549 961 2603 et
983 2561 1072 2603 manu

136 2719 151 2767 1
170 2713 204 2779 cs.
220 2714 342 2770 Macron.
358 2721 408 2769 oct.
428 2715 520 2782 Vna
542 2716 547 2784 Ι
567 2725 724 2767 vruo1n1vs
741 2713 751 2782 ΙΙ
769 2718 785 2768 8
800 2711 943 2783 Spaticnti
956 2714 1072 2768 Momm-

60 2801 144 2840 seoua
166 2783 231 2854 Cap.
250 2785 272 2841 Ι.
291 2784 358 2839 Enii
381 2785 494 2840 Electus
511 2783 645 2839 Latenti?
665 2788 669 2848 Ι
689 2783 813 2852 quietem
832 2790 895 2853 post
916 2783 988 2837 mihi
1007 2785 1071 2839 odd.

62 2857 217 2925 &tropaeam
235 2855 265 2908 in
283 2856 389 2926 templo
406 2857 522 2926 placeam
537 2862 629 2924 putot,
647 2872 716 2925 quae
732 2858 882 2926 patruinum
898 2857 1010 2910 verbum
1025 2871 1072 2909 erc-

59 2928 174 3000 pulerit,
187 2928 328 2982 [adamo
341 2928 461 2982 Hermae
477 2928 556 2980 VIII
562 2930 658 2994 (1874)
671 2944 701 2995 p.
717 2931 753 2981 85
762 2944 800 2996 aq.
816 2924 940 2995 capienti
956 2924 1029 2978 mihi
1041 2925 1072 2978 in

61 2995 170 3068 templo
196 2997 271 3052 Iovis
298 2997 462 3068 temperiem
488 2999 518 3052 et
545 2997 701 3053 &asuerus
724 2997 822 3052 Philet.
847 2996 952 3051 XLIV
973 2999 1070 3064 (1885)

59 3071 198 3192 6182εὲ
214 3071 218 3138 Ι
235 3069 326 3138 capud
340 3072 350 3139 ΙΙ
363 3074 379 3122 6
394 3068 562 3123 salubritate
575 3069 731 3137 Schopemts
743 3070 753 3139 ΙΙ
767 3073 782 3120 6
798 3066 891 3121 affrice
905 3072 914 3133 Ι
929 3072 945 3120 8
958 3065 1049 3120 literis
1063 3068 1072 3136 ΙΙ

62 3144 78 3192 9
97 3138 177 3208 inqui
221 3147 247 3194 et
264 3142 389 3210 deinceps
411 3143 420 3210 ΙΙ
444 3145 476 3194 10
494 3156 545 3210 per
562 3139 695 3194 nebulam
713 3141 741 3193 te
759 3138 946 3209 rocognosco?
986 3135 1072 3202 ‘Quid

61 3209 155 3264 istict'
175 3210 299 3278 inquam.
336 3210 461 3266 ‘Florum
478 3211 632 3280 Schopenue
648 3212 658 3280 ΙΙ
678 3216 709 3264 11
728 3209 775 3263 hic
793 3216 855 3264 ante
873 3208 989 3277 inquam
1006 3209 1070 3264 add.

62 3281 246 3337 Mommoeoue
268 3285 278 3353 Ι
301 3286 334 3335 13
354 3281 475 3338 crimini:
494 3299 562 3338 corr.
578 3283 732 3351 Schopenue
751 3278 895 3350 specimini
916 3280 1073 3334 Eoeaoerue
1122 3346 1124 3349 v

61 3353 164 3407 Pauor.
175 3352 289 3407 XLIII
300 3357 395 3420 (1884)
406 3372 436 3435 p.
447 3359 501 3408 661
516 3355 525 3423 ΙΙ
541 3358 574 3407 14
587 3352 696 3407 beticus
713 3351 717 3422 Ι
732 3350 781 3405 ille
796 3358 859 3405 aute
873 3366 907 3404 ex
920 3351 985 3405 aad.
1003 3349 1016 3391 r

61 3425 134 3478 miae
150 3425 157 3504 Ι
171 3421 269 3478 affrica
282 3426 291 3494 ΙΙ
306 3430 339 3478 16
354 3424 449 3480 affrico
463 3440 577 3480 corone:
592 3441 660 3479 corr.
671 3424 837 3478 Ritectalioe
845 3421 980 3476 Africaeo

61 3510 160 3564 magni
177 3493 251 3550 Iovis
270 3495 432 3566 obtingeret
446 3496 630 3551 Buehreasioa
643 3496 653 3565 ΙΙ
668 3499 701 3548 19
719 3511 834 3548 menum
