2334 3922
470 109 496 179 1,
514 115 540 166 r.
560 114 576 162 e
595 111 694 180 (u-o).
1052 111 1094 175 15

70 275 231 337 invaderet
262 293 397 354 regnum.
443 274 515 354 quid
542 273 638 336 Numa
670 272 864 354 religiosius?
896 280 936 338 ita
964 297 1014 339 res
1040 292 1128 358 po-3

70 367 182 446 poscit,
204 371 239 425 ut
261 364 347 424 ferox
368 363 497 443 populus
521 364 645 425 deorum
668 373 750 426 metu
777 367 972 443 mitigaretur.
1021 369 1128 445 quiidt

70 453 122 514 ille
150 451 278 513 militiae
305 452 411 513 artifex
437 448 563 513 Tullus?
599 452 793 514 bellatoribus
824 456 896 514 viris
926 463 1013 533 quam
1040 475 1092 518 ne-

70 544 237 623 cessarius,
270 547 304 601 ut
330 548 452 602 acueret
481 543 597 602 ratione
625 545 773 603 virtutem.
823 543 895 621 quid
923 543 1093 605 aedificator

42 626 195 693 elneus?
218 636 253 691 ut
269 629 377 690 urbem
396 629 510 690 colonia
530 631 714 711 extenderet,
732 638 822 710 ponte
842 634 988 711 iungeret,
1006 651 1092 694 muro

68 726 217 780 tueretur.
253 720 314 778 iam
336 736 407 778 vero
431 726 605 780 ornamenta
624 719 780 798 Tarquinii
803 728 834 780 et
852 723 980 799 insignia
999 733 1126 799 quan-o

68 816 130 868 tam
154 809 288 887 principi
309 806 420 886 populo
443 806 622 868 addiderunt
646 827 682 868 ex
701 810 766 886 ipso
785 807 889 870 habitu
908 809 1091 888 dignitatem.

68 904 154 957 actus
179 915 196 956 a
218 895 321 956 Servio
346 912 454 956 census
478 896 550 973 quid
573 897 681 977 effecit,
704 898 764 956 nisi
787 903 820 957 ut
843 899 908 976 ipsa
931 916 964 958 se
987 906 1090 960 nosset
1109 913 1125 961 e

66 985 202 1045 Romana
231 1002 280 1045 res
307 979 449 1063 publiea?
485 991 637 1063 postremo
666 985 794 1064 Superbi
822 986 903 1046 illius
931 989 1125 1066 inportuna?

28 1098 53 1137 1o
67 1073 234 1134 dominatio
266 1090 327 1132 non
358 1071 447 1154 nihil,
478 1075 570 1133 immo
602 1072 649 1133 vel
681 1073 843 1152 plurimum
875 1076 994 1153 profuit.
1045 1080 1088 1138 sic

67 1165 149 1222 enim
177 1161 319 1222 ellectum
347 1168 393 1222 est
420 1168 454 1221 ut
479 1164 608 1240 agitatus
631 1164 752 1223 iniuriis
775 1163 904 1242 populns
927 1166 1088 1244 eupiditate

65 1251 217 1312 libertatis
239 1249 459 1311 incenderetur.

241 1461 289 1523 lli
326 1461 375 1522 DE
398 1461 616 1522 MVTATIONE
639 1461 703 1522 REI
727 1462 916 1525 PVBLICAE.

131 1605 228 1684 lgitur
246 1603 338 1665 Bruto
356 1603 562 1683 Collatinoque
582 1604 709 1666 ducibus
728 1612 759 1665 et
777 1605 959 1687 auctoribus,
977 1606 1087 1685 quibus
1102 1604 1121 1666 9

27 1717 52 1757 re
66 1694 212 1755 ultionem
240 1695 288 1753 sui
315 1695 448 1754 moriens
475 1700 610 1754 matrona
638 1694 842 1774 mandaverat,
873 1695 1001 1774 populus
1029 1695 1086 1756 Ro-

58 1801 173 1844 manus
199 1781 235 1842 ad
259 1781 469 1843 vindicandum
493 1780 641 1843 libertatis
665 1801 698 1843 ac
722 1783 883 1862 pudicitiae
903 1783 995 1845 decus
1014 1804 1086 1863 quo-

66 1872 133 1933 dam
172 1872 260 1950 quasi
296 1872 441 1931 instinctu
473 1870 599 1931 deorum
631 1873 797 1932 concitatus
830 1890 931 1950 regem
963 1881 1086 1951 repente

66 1961 216 2039 destituit,
248 1957 326 2020 bona
354 1959 471 2038 diripit,
504 1977 608 2038 agrum
636 1959 725 2020 Marti
753 1979 806 2020 suo
835 1968 1003 2040 consecrat,
1031 1964 1085 2021 im-

64 2051 183 2128 perium
203 2051 235 2108 in
255 2047 376 2108 eosdem
394 2046 541 2108 libertatis
562 2067 632 2109 suae
652 2048 785 2109 vindices
804 2050 955 2129 transfert,
973 2055 1085 2109 mutato

31 2145 165 2198 rotamen
195 2143 225 2197 et
252 2138 318 2197 iure
347 2143 377 2196 et
404 2139 534 2197 nomine.
582 2139 692 2216 qnippe
721 2156 757 2197 ex
786 2144 931 2217 perpetuo
955 2150 1120 2198 annuumt

65 2226 191 2307 placuit,
223 2243 260 2285 ex
294 2223 437 2304 singulari
470 2224 592 2306 duplex,
624 2244 663 2286 ne
690 2232 823 2305 potestas
852 2225 1011 2290 solitudine
1039 2226 1086 2286 vel

133 2415 156 2468 I
172 2417 188 2467 1
207 2428 253 2467 ree
272 2429 322 2468 orn.
342 2413 369 2467 L
385 2415 389 2479 Ι
404 2413 582 2484 ροροξροεοὶὺ
600 2415 627 2467 Β
647 2419 657 2482 d
678 2421 694 2467 2
712 2415 788 2468 ferus
808 2414 835 2467 L
853 2417 862 2483 fl
880 2420 896 2468 3
915 2413 1016 2468 tullius
1037 2416 1061 2471 (J
1076 2416 1085 2488 ll

64 2490 79 2537 t
98 2485 233 2540 necueret
245 2484 275 2538 Β
287 2485 327 2551 μ
346 2483 488 2538 coloniam
501 2485 529 2538 Β
544 2487 549 2554 Ι
565 2487 694 2539 extentet
710 2488 743 2540 ie
762 2485 926 2540 extenderet
944 2493 1009 2541 mot.
1024 2488 1082 2559 B¹l

64 2558 149 2626 ponte
167 2554 301 2624 iungeret
316 2584 322 2597 ·
336 2570 417 2609 muro
435 2556 563 2610 tueretur
580 2559 682 2611 moiseo
699 2558 763 2611 add.
780 2558 822 2611 Bl
835 2561 873 2626 l⁷
895 2574 911 2611 o
925 2565 990 2627 poet
1007 2558 1084 2627 prin-

64 2626 118 2696 cipi
132 2627 221 2683 eraeit
229 2625 259 2679 Β
273 2629 278 2695 Ι
293 2625 424 2681 habitate
437 2628 470 2681 ia
483 2625 585 2680 habitu
598 2634 664 2682 meet.
676 2627 703 2680 L
717 2627 798 2681 abitu
807 2629 829 2681 I
837 2630 846 2698 ll
861 2633 876 2681 8
890 2629 910 2682 h
924 2635 988 2684 ante
1002 2632 1083 2684 aetus

64 2696 185 2753 ereeiffl
200 2697 206 2764 Ι
222 2695 312 2752 efficit
321 2697 355 2751 N
364 2699 374 2764 l
388 2702 404 2750 9
418 2713 537 2752 romane
550 2714 600 2753 orn.
614 2698 653 2766 01
670 2697 832 2768 importune
841 2701 867 2753 L
880 2703 890 2768 ΙΙ
907 2705 937 2753 12
952 2699 1083 2756 incende-

63 2771 106 2823 tur
124 2769 153 2823 Β
174 2770 181 2835 l
256 2830 259 2836 ,
280 2766 478 2823 incenderetur
496 2771 579 2824 verba
596 2771 763 2838 mutataque
781 2769 872 2839 regali
891 2771 1083 2827 dominatione

63 2840 97 2894 cd
116 2853 206 2893 coneo
218 2855 267 2892 um
285 2837 391 2893 infidas
411 2855 441 2893 se
460 2839 611 2908 conferret;
631 2840 680 2908 qui
698 2839 760 2893 bini
776 2873 807 2880 -
823 2842 915 2895 multe
929 2843 1081 2912 supersedi,

62 2911 136 2979 quod
153 2925 231 2992 pene
250 2926 269 2964 a
286 2909 430 2994 nonnullis
448 2909 506 2963 iam
526 2913 693 2980 usurpatum
707 2927 768 2966 esse
782 2912 997 2981 breviatumque
1012 2929 1081 2995 opus

61 2979 789 3134 emtttnsittdnltt,picae
808 2984 1082 3121 scilciet?

59 3071 209 3192 faenoque
227 3122 262 3176 N
281 3122 441 3191 colatroque
460 3123 486 3175 L
507 3126 517 3191 l
542 3127 574 3176 15
592 3141 679 3194 supro
697 3125 1014 3179 metronemenduuerat
1032 3125 1067 3178 N
1070 3127 1081 3158 ²

58 3197 184 3266 scripsit:
204 3192 249 3246 ·i·
269 3195 314 3261 (ι-
328 3195 360 3248 id
376 3196 425 3263 est)
443 3193 563 3247 lucretia,
584 3198 594 3263 tt
620 3202 652 3250 17
670 3194 807 3250 instinctu
827 3199 852 3265 (c
870 3213 956 3265 supra
973 3213 1081 3252 cereum

59 3267 124 3322 add.
142 3283 179 3320 m.
199 3266 229 3334 1)
246 3263 281 3318 N
297 3267 307 3332 ΙΙ
331 3269 364 3319 18
388 3263 513 3318 distituit·
536 3267 562 3318 B
584 3267 592 3348 l
610 3265 709 3335 diripit
731 3269 760 3336 (p
779 3285 813 3321 ex
831 3285 850 3336 g
870 3273 935 3321 mut.
955 3285 988 3321 m.
1009 3269 1080 3338 ead.)

59 3337 86 3390 L
107 3340 113 3404 Ι
133 3334 316 3390 consecrauit
338 3336 365 3391 L
386 3337 395 3404 ΙΙ
418 3341 452 3390 20
475 3337 508 3389 ut
535 3335 657 3391 diximus
681 3345 745 3407 post
771 3340 868 3392 tumen
891 3338 955 3392 add.
979 3338 1001 3391 I
1021 3342 1025 3407 Ι
1051 3343 1080 3394 et

61 3406 155 3462 iudice
171 3406 214 3474 01
230 3421 356 3460 annuum
369 3405 423 3460 LI
437 3407 513 3462 Voss.
528 3407 614 3463 Reled.
631 3409 741 3463 Monac.
758 3410 848 3464 Palut.
869 3425 974 3462 annum
988 3412 1016 3466 B
1030 3426 1079 3464 en-

61 3495 127 3532 num
147 3479 247 3548 (aspra
264 3493 294 3530 m
312 3495 348 3532 m.
367 3483 382 3532 1
399 3494 459 3548 pos.
480 3480 503 3547 s)
522 3478 557 3532 N
565 3482 574 3549 ΙΙ
588 3485 622 3533 21
642 3477 811 3549 etsingulari
829 3480 857 3534 Β
