2334 3922
371 154 571 209 PRAEFATIO
590 156 760 210 EDITOBJS
1010 157 1070 211 LXI

50 326 180 399 pervelm
209 314 271 405 (p)
295 323 334 382 R.
355 341 452 397 resp.
480 324 512 382 in
539 324 723 400 exemplaria
750 344 810 384 non
838 326 971 385 tironum
1001 327 1069 386 usui

55 413 209 474 destinata
237 411 371 488 recipere
403 412 502 472 liceat.
548 412 629 489 quod
660 413 686 472 si
717 414 907 491 frequentius
939 415 1068 476 editores

56 502 199 562 fecissent
212 520 312 578 neque
326 501 507 577 scriptorum
525 501 617 562 verba
636 501 674 562 ad
693 502 885 562 Brambachii
904 504 1069 567 aliorumve

55 592 136 669 leges
165 590 365 666 adaptassent
392 589 588 666 codicemque
615 591 715 652 varias
744 591 887 651 lectiones
912 593 1069 670 orthogra-

56 681 157 758 phicas
183 679 340 758 graviores
363 698 400 738 ne
423 679 455 737 in
478 678 672 739 adnotatione
696 679 818 757 quidem
843 685 1069 760 memorassent,

57 771 114 829 iam
144 769 261 828 certius
287 767 415 827 indicari
441 771 544 843 posset
571 768 608 827 de
637 768 819 844 optimorum
847 773 878 829 et
900 771 1070 830 vetustissi-

57 877 174 918 morum
198 857 346 916 librorum
368 855 584 934 orthographia
607 856 696 916 etde
719 857 841 936 linguae
864 857 992 917 Latinae
1017 879 1072 935 per

10 938 15 1005 Ξ
58 948 178 1008 saecula
202 946 334 1023 scriptae
357 944 625 1007 vicissitudinibus.
657 947 843 1006 nemetiam
865 967 945 1008 nunc
968 949 1071 1008 valent

58 1041 86 1096 et
108 1035 271 1099 verissima
299 1037 371 1096 sunt
399 1053 477 1112 quae
501 1032 532 1095 0.
555 1033 588 1094 h.
612 1035 740 1093 Rothius
769 1039 839 1097 ante
863 1038 917 1097 hos
941 1037 1070 1114 quadra·

58 1127 140 1203 ginta
179 1142 275 1184 annos
315 1123 437 1201 scripsit
472 1123 503 1182 in
540 1123 726 1199 praefatione
759 1124 899 1185 editionis
933 1125 1071 1187 Suetonii

10 1250 18 1329 ,
58 1207 97 1296 (p.
116 1205 277 1294 XXXVI):
300 1214 458 1273 adacodcm
474 1230 576 1286 pecca
597 1214 631 1271 in
647 1213 693 1272 his
710 1214 797 1273 rebus
814 1217 922 1275 ammae
940 1220 967 1274 et
977 1217 1071 1290 plcre

10 1332 17 1363 ·.
57 1305 187 1366 demedi
218 1303 347 1376 feneitas
379 1303 493 1361 tamdia
525 1303 659 1375 adempto
691 1305 761 1372 erit,
798 1305 940 1377 quamdiu
976 1323 1070 1365 coese-

10 1388 13 1431 ;
57 1397 173 1467 pacatae
201 1408 275 1461 esse,
304 1395 338 1450 ct
362 1392 500 1452 hodierno
527 1392 611 1450 cebo
638 1395 720 1460 otor,
747 1394 780 1451 id
807 1395 1023 1467 receptatores
1046 1399 1073 1453 ct

10 1434 17 1535 i
51 1483 241 1557 praeiudicio
263 1482 344 1554 seqre
366 1498 456 1554 quarm
477 1484 645 1540 coartatam
668 1481 819 1554 explorare
840 1483 989 1541 molemus,

10 1568 14 1577 '
119 1571 193 1631 Non
225 1569 307 1647 fugit
339 1567 373 1629 Ο.
398 1562 584 1648 Iahnium1),
622 1588 690 1628 cnm
727 1569 874 1629 subitaria
905 1590 1072 1647 pancorum

55 1661 206 1720 mensium
231 1678 322 1736 opera
345 1658 470 1718 Florum
493 1658 706 1737 recensuisset,
729 1659 920 1736 aliquantum
944 1659 982 1718 ad
1004 1679 1072 1736 per-

55 1750 219 1810 fectionem
252 1747 393 1807 editionis
426 1764 499 1806 snae
532 1746 713 1825 desiderari,
751 1748 831 1825 quod
864 1767 912 1808 res
945 1749 983 1808 ab
1015 1749 1072 1810 hoc

57 1839 189 1898 traditas
217 1857 277 1897 non
304 1836 379 1897 satis
406 1838 546 1895 accurate
574 1854 643 1894 eum
672 1836 710 1895 iis
733 1856 812 1914 quae
836 1837 888 1896 alii
911 1839 1072 1914 scriptores

57 1929 262 1988 narraverunt
293 1924 488 2001 comparavit.
539 1925 619 2001 quod
651 1943 720 1983 curn
747 1945 801 2004 ego
829 1927 978 2006 fecissem,
1013 1928 1072 2003 pri·

56 2036 141 2075 mum
160 2016 193 2074 in
213 2015 312 2074 animo
332 2016 398 2073 erat
417 2031 518 2072 omnes
538 2032 643 2072 eorum
660 2013 742 2073 locos
761 2015 933 2092 quicunque
954 2015 1072 2075 easdem

56 2124 104 2164 res
131 2104 183 2166 vel
211 2103 327 2179 prolixa
355 2102 528 2162 narratione
555 2101 718 2162 memoriae
744 2103 943 2179 prodiderunt
969 2104 1018 2162 vel
1041 2102 1073 2161 in

56 2197 236 2253 hanscursu
263 2194 384 2251 tantum
407 2191 578 2269 attigerunt
600 2191 782 2267 adscribere,
810 2192 862 2250 sed
884 2212 954 2251 mox
977 2191 1074 2251 abieci

58 2282 219 2342 consilinm
252 2281 390 2358 quamvis
422 2279 459 2339 ab
487 2280 591 2340 amicis
622 2282 659 2339 ut
688 2299 866 2358 exsequerer
893 2280 1072 2359 admonitae,

57 2372 131 2448 qnia
154 2371 353 2446 redemptoris
377 2369 581 2430 honestissimi
603 2368 772 2429 rationibus
795 2388 963 2446 repugnare
991 2369 1073 2430 vide-

57 2460 127 2520 bam
162 2463 194 2520 et
227 2459 396 2537 pericnlum
427 2461 494 2519 erat
522 2478 559 2518 ne
587 2458 752 2517 innumeris
779 2458 840 2518 illis
869 2457 942 2518 locis
970 2459 1073 2519 allatis

57 2549 215 2609 adnotatio
251 2548 283 2606 in
321 2549 445 2607 nimiam
481 2548 592 2607 molem
624 2550 832 2608 succresceret.
891 2547 1073 2625 ubicmnque

57 2641 162 2697 tamen
181 2637 344 2714 scriptores
363 2637 467 2697 eadem
485 2639 642 2696 narrantes
662 2636 779 2714 aliquid
797 2637 834 2695 ad
853 2637 943 2696 crisin
957 2637 1073 2697 Floria-

59 2746 130 2786 nam
149 2727 285 2786 conferre
303 2726 449 2793 intellexi,
468 2744 574 2785 eorum
590 2724 683 2785 verba
701 2727 874 2804 memoravi,
893 2726 973 2785 unde
991 2726 1073 2786 hand

60 2835 128 2876 raro
149 2807 192 2896 (v.
207 2836 235 2891 p.
248 2817 276 2894 8,
294 2817 347 2892 133
373 2817 427 2892 163
452 2817 575 2892 32,19;
600 2816 650 2889 55,
668 2817 722 2890 18;
747 2818 797 2894 65,
812 2818 867 2893 213
894 2817 992 2892 70,5;
1018 2818 1072 2894 133

61 2908 134 2984 100,
155 2907 189 2982 53
221 2907 291 2983 106,
311 2906 345 2981 85
375 2907 447 2980 109,
468 2905 501 2983 93
533 2905 605 2982 175,
627 2905 680 2982 153
705 2896 811 2985 alibi2)
834 2904 971 2964 nonnihil
993 2923 1073 2963 emo-

131 3112 157 3178 1)
175 3108 264 3232 praef.
283 3127 310 3179 p.
327 3108 450 3164 xxxiv.

130 3184 158 3250 2)
191 3196 273 3234 ocnm
294 3179 376 3233 illum
399 3181 433 3234 do
457 3181 560 3251 praedi
581 3179 750 3233 Indaeorum
773 3195 876 3233 arcano
899 3196 917 3233 a
939 3176 1073 3246 Pompeio

61 3250 88 3305 in
110 3251 220 3321 templo
244 3250 500 3320 Hierosolymitano
524 3252 673 3321 conspecto
696 3253 733 3320 (p.
757 3252 884 3319 100,13)
907 3266 975 3302 num
998 3250 1074 3303 recte

61 3322 101 3377 ita
128 3323 332 3392 interpretatus
360 3322 413 3375 sim
440 3325 472 3376 ut
494 3322 592 3376 Florus
620 3324 669 3377 aab
698 3339 784 3376 aerea
814 3322 868 3374 cite
895 3320 1005 3374 Ocelum
1028 3319 1074 3374 dei

61 3393 138 3450 Caeli
156 3397 284 3448 statuam
302 3393 353 3447 sub
372 3410 458 3448 aurea
476 3394 550 3463 vite,
569 3396 601 3448 ut
618 3394 800 3446 monumenta
816 3389 990 3459 Babylonica
1009 3391 1075 3446 dae-

61 3482 158 3520 monas
173 3466 313 3534 qnosdam
328 3467 550 3534 repraesentant,
569 3463 692 3535 positam
706 3461 836 3531 intellegi
849 3461 978 3531 voluerit,
996 3462 1075 3518 vide-

60 3535 117 3592 rint
135 3535 194 3592 alii
231 3536 285 3591 hoc
304 3535 404 3590 saltem
423 3539 534 3591 constat
551 3536 628 3591 Flori
649 3535 736 3589 verba
759 3536 792 3587 ut
814 3533 844 3586 in
867 3532 1011 3588 codicibus
1035 3535 1075 3589 le·
