2334 3922
371 153 573 205 PRAEFATIO
593 152 762 206 EDITORIS
985 149 1072 204 XLIX

57 324 110 381 aut
132 319 220 380 Flori
247 338 355 379 nomen
384 320 522 378 consulto
550 320 681 380 tacuerit
708 323 762 379 aut
790 319 903 380 oblitus
927 320 967 379 sit
990 320 1072 396 apud

58 430 146 488 quem
176 408 355 468 historicum
381 407 466 466 illam
489 409 749 468 narratiunculam
772 409 890 486 legerit.
934 410 1073 470 historiae

57 502 160 558 antem
184 516 296 557 nornen
320 496 445 557 cuilibet
467 496 544 558 libro
567 498 632 557 fata
655 497 761 575 populi
784 497 912 556 Romani
935 498 1069 558 narraut'

59 587 152 648 tribui
175 586 314 663 potuisse
336 590 430 662 patet.

121 675 213 746 Quod
236 674 431 736 consilium
449 675 557 735 Florus
575 676 607 734 in
626 675 829 751 componendo
848 674 925 734 libro
945 678 1068 734 secutus
1094 686 1161 727 eloti

58 767 94 826 sit
118 769 153 824 et
175 765 240 841 ipse
264 763 296 822 irr
313 763 502 841 praefatione
519 765 673 840 professus
692 767 746 839 est,
769 763 823 823 ubi
841 763 880 823 ad
899 749 1166 845 augendam⁰⁰0¹ssfss

58 853 166 932 populi
188 853 317 914 Romani
340 852 571 913 admirationem
592 852 724 912 breviter
747 871 778 912 se
802 855 833 912 et
850 854 966 927 pariter
986 857 1072 926 orcae
1092 858 1147 890 ⁰⁰³⁸

58 943 180 1004 iascrocl
197 943 369 1003 universam
387 941 627 1019 magnitudinem
644 942 709 1001 eius
728 941 884 1001 ostendere
898 943 977 1002 velle
992 941 1074 1020 dicit,

60 1037 90 1092 et
114 1052 153 1091 ex
178 1030 285 1109 quovis
307 1050 403 1106 paene
427 1031 577 1106 epitomae
601 1030 758 1091 enuntiato
781 1030 971 1108 perspicitur.
1002 1051 1074 1090 nam

56 1125 181 1199 praeter
212 1119 408 1196 paucissimas
441 1139 543 1179 omnes
574 1138 622 1179 res
655 1120 693 1179 ab
725 1120 779 1178 illo
813 1123 915 1197 gestas
948 1120 1073 1180 summis

57 1209 203 1269 laudibus
223 1209 342 1268 extollit
363 1211 395 1268 et
417 1227 495 1285 quae
519 1209 572 1267 alii
594 1209 708 1284 prolixe
731 1212 928 1269 narraverant
950 1209 982 1268 in
1007 1209 1074 1269 bre·

56 1300 128 1361 vius
157 1297 319 1357 contrahit.
364 1296 416 1356 sed
448 1316 611 1374 puerorum
638 1298 670 1356 in
697 1316 787 1357 usum
815 1317 885 1357 eum
911 1299 1074 1376 scripsisse,

57 1391 94 1449 ut
113 1387 240 1465 quidam
263 1386 433 1463 opinantur,
456 1387 537 1445 haud
561 1386 747 1464 crediderim,
770 1405 839 1446 cum
858 1406 1074 1463 saepenumero

56 1476 241 1556 graviaeima
271 1475 353 1535 facta
384 1477 416 1534 et
446 1474 602 1534 hominum
634 1476 829 1552 locorumque
861 1477 984 1536 nomina
1014 1494 1075 1534 me·

56 1566 158 1626 moria
182 1562 359 1642 dignissima
385 1564 528 1640 tacuerit,
556 1565 588 1622 in
615 1564 653 1625 iis
683 1583 754 1625 vero
779 1583 855 1640 quae
879 1563 1015 1624 artificiis
1038 1584 1075 1625 ex

55 1655 218 1715 rhetorum
248 1652 407 1728 disciplina
428 1653 534 1728 petitis
559 1653 694 1713 exornari
716 1656 858 1730 poterant
881 1653 997 1713 diutius
1019 1653 1074 1712 im·

56 1746 205 1804 moretur.
251 1744 409 1818 praeterea
432 1742 543 1801 alicubi
567 1761 637 1800 eum
659 1745 764 1802 contra
785 1745 958 1818 temporum
980 1743 1074 1803 ratio-

56 1851 129 1893 nern
162 1833 194 1891 et
222 1829 312 1889 fidem
345 1829 519 1890 historicam
545 1831 716 1907 peccavisse
744 1835 851 1892 notum
880 1835 933 1891 est.
981 1851 1074 1909 quare

57 1919 250 1999 probabilius
273 1918 396 1978 videtur
417 1938 487 1978 eum
509 1919 680 1979 hominibus
704 1920 757 1997 qui
779 1938 827 1979 res
846 1920 995 1980 Romanas
1013 1921 1076 1980 ianr

58 2009 184 2070 aliunde
226 2011 429 2086 cognoverant
465 2007 617 2084 scripsisse
655 2009 844 2086 maximeque
883 2008 920 2068 iis
953 2009 1006 2087 qui
1038 2010 1074 2069 de

57 2099 152 2159 rebus
182 2116 201 2158 a
223 2097 337 2174 populo
369 2114 423 2156 suo
446 2097 600 2172 praeclare
623 2097 718 2174 gestis
742 2097 973 2157 declamationes
997 2115 1076 2156 com·

59 2178 257 2267 ponebant1).
298 2185 448 2246 immerito
471 2187 574 2245 autem
597 2205 615 2244 a
636 2186 742 2246 multis
765 2186 834 2246 inde
858 2206 876 2245 a
899 2185 931 2248 C.
951 2185 1074 2263 Sigonio

60 2275 99 2337 A.
121 2275 258 2352 Ruperto
285 2273 309 2334 I.
329 2272 365 2336 G.
384 2272 512 2335 Graevio
545 2274 705 2351 opprobrio
734 2275 762 2334 ei
789 2275 880 2335 datur
907 2274 987 2351 quod
1015 2294 1075 2334 non

60 2365 137 2425 satis
160 2366 302 2424 accurate
325 2363 408 2422 iacta
430 2363 590 2423 tradiderit
613 2365 644 2423 et
663 2364 781 2441 aliquot
800 2382 915 2423 errores
933 2364 1075 2442 gravissi·

58 2472 126 2514 mos
153 2444 378 2533 commiserit2).
425 2452 564 2513 dubitare
599 2453 677 2511 enim
705 2453 778 2513 licet
808 2471 846 2511 an
873 2453 938 2528 ipse
966 2454 1075 2513 Florus

135 2609 161 2675 1)
178 2603 211 2658 cf.
222 2622 249 2674 p.
255 2603 367 2658 XXVII.
382 2620 416 2658 ex
430 2604 552 2658 Senecae
565 2603 654 2673 patris
670 2604 802 2658 suasoriis
818 2607 898 2658 sexta
912 2607 941 2659 et
955 2605 1076 2674 septima

61 2677 100 2732 ad
118 2674 270 2730 historiam
287 2674 444 2729 Romanam
461 2674 619 2745 pertinent,
639 2692 673 2730 ex
692 2675 945 2730 declamationibus
965 2675 1076 2741 Quinti·

59 2746 164 2803 lianeis
183 2745 338 2801 maioribus
357 2745 443 2801 tertia
462 2746 616 2815 eademque
635 2763 669 2801 ex
689 2746 892 2817 Calpurnianis.

133 2821 161 2886 2)
184 2817 284 2872 horum
307 2817 443 2887 virorum,
472 2817 521 2885 qui
544 2817 682 2888 imprimis
705 2817 736 2870 id
759 2818 884 2888 agebant
907 2821 939 2872 ut
962 2819 1076 2873 Florum

59 2890 90 2944 in
115 2887 222 2945 scholis
246 2887 407 2943 lectitatum
430 2905 445 2943 e
469 2888 670 2958 discipulorum
692 2889 823 2943 manibus
842 2892 1016 2959 excuterent,
1042 2890 1076 2944 de

60 2961 111 3016 illc
137 2959 246 3015 iudicia
264 2959 392 3014 Dukerus
416 2959 446 3013 in
470 2960 647 3030 praefatione
665 2960 799 3015 editionis
819 2960 941 3032 collegit.
980 2977 1014 3015 ex
1031 2977 1074 3014 re-

61 3030 236 3088 centioribus
272 3030 454 3085 acerbissime
491 3047 555 3085 eum
586 3031 818 3101 vituperaverunt
848 3033 878 3086 L.
908 3030 1074 3102 Spengclius

63 3101 306 3172 ‘Abhandlungen
340 3102 389 3156 der
420 3101 605 3171 baverischen
632 3102 799 3157 Akademie'
835 3103 950 3156 XXXVI
983 3104 1074 3224 imm)

61 3180 223 3300 p3s19sq.
257 3176 286 3227 et
316 3173 337 3228 1.
356 3173 490 3241 Reberus,
526 3174 598 3254 ‘das⁸
616 3174 858 3256 Geschichtsvrerk
871 3174 935 3255 'des
963 3173 984 3225 F
1032 3243 1038 3254 ι

62 3244 656 3385 τίὲῒΐιῗέθάῗὸνζιοᾚᾝέθιῗθὲὣΒξιῗὲ,
669 3243 1075 3385 iikhlgrrr'lthsltsrirqrriicsl’vffluligiigg

63 3387 237 3445 Parisiorum
261 3390 340 3456 1876)
363 3405 389 3457 p.
411 3393 443 3441 76
468 3388 502 3442 de
526 3404 558 3442 eo
581 3388 652 3442 haec
673 3387 881 3458 pronuntiavit:
918 3389 1076 3456 scriptorem

63 3469 119 3517 tom
142 3461 225 3514 heom
247 3460 454 3530 modorumque
476 3461 553 3514 acilo
575 3461 654 3514 modo
677 3461 791 3530 dippum
813 3475 867 3513 csse
890 3460 939 3528 qai
958 3475 1017 3514 cere
1035 3461 1076 3514 bi·

62 3533 179 3588 ctorc‘cas
196 3532 352 3586 commoror
369 3533 429 3586 ture
448 3549 480 3586 oc
498 3532 593 3586 morato
610 3532 688 3586 uobis
707 3532 863 3586 coruladoe
882 3532 950 3585 licet.

116 3632 202 3672 Florus
217 3630 253 3672 ed.
268 3630 293 3671 0.
307 3629 463 3673 Bonbeeh.
853 3619 876 3676 d

997 3174 1072 3226 orus’
