2334 3922
123 167 187 230 130
485 166 596 218 raom
613 128 773 218 serrone

121 333 250 395 tumultu
269 334 381 393 maiore
401 350 489 410 quam
506 330 593 411 bello,
615 333 692 390 intra
711 333 793 409 ipsos
813 330 963 391 dumtaxat
981 350 1134 392 armorum

86 423 213 485 uduoes
237 422 418 482 subsistente
443 423 575 500 saevitia,
603 438 672 479 rnox
695 421 824 480 atrocius
848 426 878 479 et
901 423 1054 481 cruentius
1079 440 1134 500 per

86 524 102 573 1
121 515 216 591 ipsius
240 513 354 579 viscera
378 516 497 570 senatus
521 516 673 588 grassante
695 510 832 590 victoria3
855 508 959 569 ultimo
981 529 1041 570 non
1061 513 1133 570 ciri-

122 619 186 661 cam
209 600 305 680 modo,
329 599 380 659 sed
403 598 542 659 hostilem
561 616 677 677 quoque
696 597 811 657 rabiem
830 616 1057 676 supergressum
1078 606 1133 680 est,

121 708 189 751 cum
221 707 371 750 armorum
402 688 486 748 furor
513 689 604 747 totius
633 685 733 747 ltaliae
760 687 874 746 viribus
901 691 1061 769 niteretur,
1096 707 1131 748 eo

120 798 216 859 usque
241 778 316 838 odiis
340 776 548 856 saevientibuS,
571 776 665 836 donec
684 776 822 835 deessent
845 778 896 855 qui
915 777 1134 838 occiderentur.

85 883 100 930 6
187 867 308 928 Initium
345 873 374 926 et
411 884 498 926 causa
533 864 605 925 belli
640 864 827 943 inexplebilis
863 864 1010 926 honorum
1046 867 1135 926 Marii

120 957 227 1037 sames,
264 957 334 1017 dum
372 955 521 1015 decretam
554 953 649 1033 Syllae
685 955 867 1032 provinciam
900 954 1048 1033 Sulpicia,
1068 956 1135 1034 lege

121 1045 267 1106 sollicitat.
322 1044 374 1104 sed
411 1045 558 1121 inpatiens
595 1045 720 1104 iniuriae
754 1045 853 1103 statim
884 1043 961 1123 Sylla
999 1044 1135 1123 legiones

120 1135 294 1212 circumegit
316 1133 464 1211 dilatoque
488 1132 656 1192 Mithridate
680 1131 834 1210 Esquilina
851 1132 1022 1212 Collinaque
1047 1141 1134 1212 porta
1149 1150 1167 1187 11

84 1225 270 1301 tgeminum
301 1221 370 1282 urbi
402 1239 507 1300 agmen
539 1221 655 1281 inludit.
704 1221 773 1281 inde
802 1239 870 1281 cum
898 1222 1037 1282 consules
1067 1222 1134 1282 Sul-

119 1314 215 1391 picius
244 1319 274 1372 et
300 1310 500 1371 Albinovanus
529 1310 709 1370 obiecissent
737 1316 868 1370 catervas
897 1329 978 1390 suaS,
1008 1318 1038 1371 et
1063 1330 1135 1372 saxa

119 1401 250 1480 undique
278 1419 295 1460 a
322 1399 478 1460 moenibus
507 1418 540 1460 ac
566 1398 625 1459 tela
647 1401 829 1479 iacerentur,
858 1402 922 1478 ipse
947 1417 1067 1479 quoque
1092 1403 1134 1460 ia·

120 1490 234 1550 culatus
253 1489 389 1549 incendia
408 1490 486 1548 viam
502 1488 573 1548 fecit
587 1506 744 1567 arcemque
760 1487 904 1569 Capitolii,
924 1507 999 1567 quae
1015 1488 1133 1550 Poenos

120 1597 252 1659 quoque,
284 1577 382 1637 Gallos
415 1579 504 1637 etiam
531 1577 663 1637 Senonas
691 1584 836 1657 evaserat,
869 1580 953 1657 quasi
985 1581 1134 1657 captivam
1148 1595 1167 1632 1¹

84 1681 99 1728 8
118 1669 212 1727 victor
231 1667 348 1726 insedit.
385 1673 449 1726 tum
468 1685 504 1726 ex
519 1665 653 1726 consulto
669 1673 788 1726 senatus
803 1666 980 1726 adversariis
994 1666 1133 1727 hostibus

118 1755 256 1816 iudicatis
274 1757 306 1815 in
324 1762 511 1832 praesentem
530 1754 684 1815 tribunum
697 1754 829 1833 aliosque
844 1755 978 1816 diversae
994 1756 1132 1816 factionis

119 1846 183 1904 iure
217 1846 361 1904 saevitum
393 1850 452 1924 est3
483 1843 609 1903 Marium
641 1842 757 1903 servilis
787 1845 855 1922 fuga
883 1846 1006 1926 exemit,
1038 1847 1132 1904 immo

118 1933 235 1994 fortuna
259 1932 345 1992 alteri
367 1931 444 1992 bello
467 1934 637 1992 reservarit.

31 2078 35 2097 ,
82 2035 98 2083 9
208 2021 344 2082 Cornelio
359 2020 452 2082 Cinna
465 2021 563 2081 Gnaeo
575 2020 694 2081 Octavio
709 2020 882 2081 oonsulibus
897 2020 973 2081 male
989 2021 1131 2083 obrutum
1145 2038 1166 2076 2·

118 2113 283 2172 resurrexit
314 2110 497 2192 incendium,
530 2117 560 2170 et
592 2109 712 2189 quidem
745 2109 780 2170 ab
808 2112 942 2189 ipsorum
971 2110 1130 2192 discordia,

119 2219 186 2261 cum
219 2200 255 2260 de
287 2200 460 2260 revocandis
494 2217 568 2278 quos
601 2206 720 2259 senatus
753 2198 853 2259 hostes
882 2198 1065 2260 iudicaverat
1093 2200 1128 2259 ad

191 2413 204 2459 1
224 2405 300 2475 ipsos
319 2409 466 2477 (posterior
484 2424 496 2458 s
515 2423 574 2474 sup.
594 2422 660 2460 vers.
679 2412 713 2460 ut.
731 2408 759 2475 2)
773 2406 806 2459 N
823 2410 826 2472 Ι
848 2405 997 2460 dumtaxat
1015 2424 1065 2461 om.
1082 2407 1131 2477 ot

119 2478 274 2530 tornentur
281 2477 308 2530 L
321 2481 323 2544 l
334 2473 384 2546 per
391 2477 479 2531 totius
489 2477 512 2532 0
522 2480 531 2544 ll
545 2475 700 2529 3ultimum
709 2476 742 2549 Ol
753 2475 873 2530 ciuicam
882 2480 1029 2546 (posterior
1037 2494 1052 2531 e
1060 2495 1129 2532 corr.

119 2565 152 2601 ea
169 2550 192 2616 t)
211 2548 239 2601 Β
258 2547 348 2601 ciuica
367 2548 401 2602 N
410 2550 450 2617 114
469 2563 663 2618 supergressus
683 2547 709 2599 L
725 2552 729 2615 Ι
746 2549 789 2601 est
807 2549 876 2602 delet
892 2549 1035 2618 Iniuriosi}
1050 2553 1065 2601 5
1085 2565 1130 2602 ar-

118 2633 227 2671 mornm
245 2620 391 2686 (posterior
409 2637 423 2670 r
440 2626 559 2674 correcta
573 2636 606 2673 erc
619 2620 641 2687 t)
654 2619 682 2672 Β
699 2623 702 2684 Ι
718 2617 875 2673 niterentur
888 2620 915 2672 Β
929 2622 938 2689 ΙΙ
952 2626 967 2673 6
983 2621 1130 2689 peractum

119 2689 163 2742 est
181 2694 245 2756 post
267 2688 458 2743 saeuientibus
481 2692 544 2746 odd.
563 2691 591 2744 Β
613 2691 622 2758 ΙΙ
645 2695 661 2743 8
683 2689 827 2744 decretam
848 2693 877 2755 (a
900 2699 1019 2746 correcta
1043 2709 1076 2747 ex
1101 2695 1129 2760 u)

118 2760 146 2813 Β
160 2759 169 2826 ΙΙ
184 2764 199 2812 9
217 2757 326 2813 iniuria.
346 2760 372 2812 L
388 2762 392 2828 Ι
409 2759 473 2814 silla
491 2762 518 2815 L
536 2763 545 2831 i
563 2766 597 2814 10
615 2758 794 2815 mithridates
813 2760 903 2829 quilla
917 2763 945 2815 Β
961 2761 1130 2816 mithridate

119 2829 192 2900 sylla
205 2831 246 2884 Β1
260 2829 424 2884 mithridate
438 2831 543 2900 escylia
557 2835 587 2901 (y
601 2838 719 2887 correcta
732 2851 766 2886 m.
782 2838 798 2886 1
813 2850 847 2887 eac
859 2832 880 2902 i)
894 2835 926 2886 N
937 2832 1103 2888 mithridate
1112 2857 1131 2881 τ

119 2900 217 2956 escilia
235 2901 274 2956 L:
294 2919 362 2956 corr.
376 2902 462 2957 ueta.
477 2904 486 2972 ΙΙ
502 2908 533 2956 11
554 2919 655 2973 agmen
673 2903 737 2957 urbi
755 2903 879 2957 infundit
896 2904 929 2957 N
943 2904 1007 2957 urbi
1027 2921 1131 2974 agmen

118 2971 243 3027 infundit
261 2973 308 3026 N1
326 2971 432 3026 infudit
450 2973 512 3027 urbi
531 2991 633 3044 agmen
652 2975 678 3027 L
698 2977 703 3044 1
723 2975 797 3028 uude
819 2976 858 3043 01
875 2974 1003 3028 eonsules
1022 2977 1052 3045 (u
1069 2993 1129 3030 cor·

118 3051 192 3100 recto
210 3062 243 3099 eac
262 3046 289 3110 o)
308 3045 336 3098 Β
354 3043 481 3097 consulto
502 3044 549 3114 ΟΙΙ
569 3051 601 3099 12
621 3063 686 3099 snas
705 3047 733 3100 Β
751 3045 852 3099 sudeas
872 3047 905 3099 N
920 3046 1059 3115 sudesque
1075 3047 1104 3100 L
1121 3047 1131 3118 ll

119 3121 152 3168 13
166 3114 307 3169 iaculatus
323 3117 415 3184 (prior
429 3131 488 3169 aex
498 3133 517 3168 u
526 3133 593 3170 corr.
604 3134 638 3172 m.
651 3120 676 3186 1)
686 3119 713 3171 Β
724 3116 862 3170 incolatus
872 3117 906 3169 N
915 3119 924 3186 ΙΙ
940 3122 973 3170 14
982 3116 1129 3172 incendio:

119 3204 186 3242 corr.
202 3187 347 3256 Hauptias
371 3191 375 3254 Ι
400 3185 520 3254 Poenos,
540 3202 612 3254 quae
632 3186 726 3240 Gallos
744 3189 863 3243 Iahnius
881 3188 989 3242 Poenos
1008 3205 1129 3258 quoque,

119 3274 190 3326 quae
215 3256 311 3311 Gallos
333 3258 466 3312 Halmius
487 3257 594 3311 Poenos
620 3274 747 3326 quaeque
770 3258 866 3313 Gallos
890 3261 1039 3314 Palatinus
1060 3261 1070 3329 ss
1096 3265 1129 3313 16

118 3329 190 3381 Tum
208 3330 234 3382 L
258 3329 332 3384 Voss.
346 3330 438 3383 Putat.
457 3330 524 3382 tunc
546 3329 633 3383 Reno.
653 3345 715 3382 cum
734 3331 815 3398 ΒΝΙ
831 3329 1000 3385 abuersariis
1019 3333 1048 3385 Β
1065 3334 1075 3401 ΙΙ
1095 3337 1127 3385 11

118 3398 251 3453 iudicatis
270 3417 319 3455 om.
335 3401 363 3454 Β
377 3403 386 3470 ΙΙ
400 3405 434 3454 18
453 3399 563 3454 Marum
581 3401 608 3453 L
623 3400 628 3467 1
644 3400 741 3454 eximit
755 3401 789 3455 N
797 3406 806 3470 u
821 3406 854 3455 19
873 3401 1030 3456 reseruabit
1049 3403 1078 3471 (b
1097 3405 1129 3457 ia

117 3486 146 3594 ἒ
154 3473 271 3525 mutavit
288 3488 323 3582 aa,
338 3474 368 3539 2)
387 3473 421 3525 N
438 3473 448 3541 11
471 3476 503 3524 21
524 3469 664 3525 discordia
682 3473 710 3541 (a
728 3474 888 3543 torosam)
907 3475 934 3528 L
956 3476 965 3541 i
988 3478 1021 3526 22
1042 3491 1128 3542 qnam

164 3558 203 3594 oo
220 3558 314 3608 quom.
