2334 3922
284 202 476 255 vuncxnms
495 202 641 255 oneror
659 204 707 256 xx
724 204 843 256 roura
1010 200 1073 265 187

64 366 261 426 miseriorem.
299 374 344 427 set
368 366 492 428 subinde
512 370 684 428 retractanti
702 377 871 447 sortemque
890 387 986 428 meam
1005 387 1072 428 cum

65 454 193 514 fortunis
221 461 251 515 et
279 458 387 515 ceteris
413 459 489 517 vitae
517 455 668 517 laboribus
692 457 856 518 conferenti
878 457 998 517 tandem
1021 457 1072 517 ali·

65 543 183 622 quando
201 543 390 622 pulchritudo
409 547 541 624 suscepti
560 549 659 624 operis
679 548 822 624 apparuit.
860 548 937 605 scire
956 552 986 605 te
1002 564 1071 624 ergo

64 650 143 692 nunc
172 639 295 710 oportet
311 633 424 694 nullum
447 636 663 714 magisterium,
691 634 801 694 nullam
823 636 1072 715 procurationem,

43 720 179 782 tnullum
211 721 354 782 honorem
387 721 519 803 decerni,
552 729 678 803 quantus
710 722 759 783 hic
792 725 830 783 sit
857 729 975 783 nostrae
1002 741 1071 801 pro-

63 810 212 870 fessionis,
248 829 355 889 nempe
379 813 404 870 si
427 811 501 870 mihi
523 813 668 871 maximus
687 813 849 890 imperator
867 814 957 871 vitem
975 811 1005 871 id
1026 819 1071 872 cst

62 905 183 959 centum
202 898 336 960 homines
355 899 501 977 regendos
519 900 698 980 tradidisset,
721 918 780 960 non
798 900 958 960 mediocris
976 899 1071 960 honor

60 985 182 1048 habitus
213 987 286 1047 mihi
314 987 476 1068 videretur,
508 988 580 1048 cedo
610 991 635 1048 si
661 989 890 1069 praefecturam,
923 991 949 1049 si
976 987 1069 1049 trihu-

61 1082 179 1136 natum:
202 1094 307 1155 nempe
331 1076 410 1136 idem
431 1076 536 1156 honos,
558 1079 617 1137 nisi
640 1078 717 1156 quod
737 1096 852 1138 merces
871 1077 1006 1157 amplior.
1044 1080 1070 1137 si

21 1174 48 1215 1⁰
62 1183 134 1243 ergo
157 1182 217 1224 non
236 1164 352 1245 Caesar,
375 1164 427 1225 sed
445 1164 575 1226 Fortuna
598 1165 653 1226 hoc
675 1184 768 1244 genus
787 1169 922 1226 stationis
941 1169 1070 1227 iniunxit

60 1256 107 1314 uti
129 1255 231 1331 pueris
251 1255 388 1331 ingenuis
407 1260 494 1331 atque
513 1254 646 1314 honestis
664 1255 874 1336 praesiderem,
897 1273 994 1315 nonne
1013 1254 1069 1315 tibi

60 1341 221 1420 pulchrum
238 1338 383 1422 (videor)
401 1349 489 1420 atque
513 1345 701 1421 magnificum
720 1352 897 1404 consecutus
916 1340 1068 1404 officium?

60 1448 172 1510 quaeso
196 1432 283 1510 enim,
305 1433 427 1509 propius
450 1433 576 1512 intuere,
599 1439 697 1492 utrum
720 1432 901 1511 praeclarius
925 1435 964 1492 sit
983 1449 1068 1510 sagu-

60 1518 129 1579 latis
148 1537 185 1578 an
203 1521 394 1597 praetextatis
408 1517 568 1599 inperare?
586 1519 720 1581 barbaris
736 1522 924 1600 efferatisque
939 1523 1067 1600 pectori-

11 1617 47 1660 16
60 1607 117 1668 bus
142 1625 179 1667 an
201 1606 323 1668 mitibus
347 1615 376 1669 et
399 1606 549 1670 innoxiis?
574 1608 651 1670 hone
669 1610 810 1691 luppiter,
834 1628 922 1690 quam
940 1613 1067 1688 impera-

60 1698 180 1777 torium,
203 1714 292 1775 quam
314 1699 429 1776 regium
453 1705 499 1758 est
517 1697 620 1759 sedere
641 1718 656 1759 a
676 1706 816 1778 suggestu
834 1701 1068 1778 praecipientem

59 1784 154 1846 bonos
180 1803 278 1846 mores
302 1793 332 1847 et
354 1805 505 1846 sacrarum
529 1787 625 1847 studia
648 1787 827 1868 litterarum,
855 1790 914 1847 iam
937 1789 1067 1848 earmina

59 1872 292 1955 praelegentem,
315 1875 424 1955 quibus
448 1894 498 1935 ora
521 1883 694 1956 mentesque
717 1877 895 1956 formantur,
917 1878 976 1936 iam
1000 1895 1067 1936 sen-

59 1964 162 2024 tentiis
185 1965 275 2023 variis
298 1983 404 2025 sensus
428 1967 614 2045 excitantem,
637 1967 696 2025 iam
719 1965 861 2045 exemplis
885 1984 987 2024 rosea

130 2156 146 2204 1
171 2153 200 2205 et
223 2150 341 2206 subinde
359 2153 526 2208 retractant:
545 2155 793 2209 cornicinumque
813 2157 822 2223 11
844 2161 859 2207 3
878 2152 1038 2221 pulcritudo
1057 2153 1067 2225 11

58 2227 76 2274 4
94 2221 187 2292 magis
200 2221 340 2292 predium:
359 2240 428 2278 corr.
439 2223 583 2293 Hauptios
601 2241 690 2292 opusc.
705 2225 761 2278 III
767 2243 796 2294 p.
811 2230 866 2279 459
880 2223 970 2277 maius
984 2240 1065 2292 prec-

59 2292 138 2346 dium
153 2293 280 2348 oehlerus
292 2296 302 2362 1
316 2300 332 2348 6
346 2292 484 2362 inputem:
499 2311 566 2350 corr.
581 2297 699 2350 Ichoico
712 2294 865 2364 imperator
879 2294 1067 2348 centuriatum
1108 2311 1111 2315 ’

59 2363 214 2433 &tomus
229 2362 381 2434 imperator
393 2365 471 2419 mille
485 2365 529 2420 vel
544 2366 709 2421 Bitscbetios
722 2368 732 2435 11
747 2372 760 2419 t
776 2367 864 2420 honos
880 2366 1066 2436 Ritscbelioell

59 2440 91 2488 11
115 2450 189 2489 none
244 2441 276 2488 1⁶2
299 2434 397 2489 videor
419 2443 482 2491 ante
503 2436 632 2506 pulcrum
654 2438 1067 2507 (stc)add.1tttcctotics,poot

57 2505 186 2588 pulcrum
212 2507 312 2561 nimbos
324 2506 472 2576 pulchrum
481 2506 564 2579 <sum
596 2509 633 2579 ,911
647 2514 681 2561 14
694 2508 859 2578 pretexietis
873 2511 883 2578 11
897 2514 931 2561 15
945 2506 1064 2581 iupiter}

57 2575 261 2646 mperatorium
274 2579 283 2647 1
298 2583 331 2631 16
350 2576 380 2631 in
399 2580 533 2648 suggestu
572 2581 706 2648 ebopeoos
723 2583 732 2649 1
752 2586 784 2634 19
804 2579 973 2634 excitantur:
996 2597 1065 2636 coar.

56 2648 227 2772 Ritssdfflss
239 2648 250 2730 1
260 2647 393 2718 exemplis
411 2649 554 2703 Romanae
578 2649 755 2719 eloquentiae
771 2652 951 2720 Ritecbelfue,
972 2653 1067 2707 malim

53 2733 80 2774 e.
127 2762 133 2774 .
228 2735 286 2773 nae
