2334 3922
371 108 570 160 rasurirro
589 108 759 162 corrosus
999 107 1073 163 LVII
1131 178 1138 193 ι

59 278 96 337 de
119 274 274 336 industria
296 275 438 335 Lucanus
460 275 492 334 in
514 277 635 349 antiquo
654 280 716 335 orte
734 277 896 337 correxisse
916 277 974 336 sibi
991 273 1075 339 visus

61 369 114 444 est,
138 365 214 443 qnia
236 365 294 424 hoc
316 364 494 424 insidiarum
516 383 625 442 genere
648 364 695 423 illi
717 365 778 424 iam
802 370 891 425 antea
913 366 962 424 usi
981 371 1074 426 erant.

59 455 189 514 maxime
221 472 293 516 vero
328 454 366 512 ad
393 453 634 529 persuadendum
662 455 836 529 appositum
862 455 893 513 id
921 458 967 514 est
994 455 1075 532 quod

61 543 200 604 Caesaris
232 543 289 601 illa
320 542 360 600 ad
396 543 628 620 gubernatorem
664 543 825 620 trepidum,
863 543 961 620 qualis
994 543 1076 619 apud

60 623 472 712 Florumest(1113,37)‚
494 630 595 690 brevis
619 635 650 690 et
673 631 779 691 efficax
801 651 859 694 vox
882 633 952 705 qood
976 634 1076 692 times?

62 723 222 783 Gaesarem
238 721 318 779 cobis
336 739 355 778 a
373 719 495 779 Lucano
517 712 560 801 (V
579 722 642 780 577
654 712 712 802 sq.)
735 722 766 779 in
785 721 934 780 tumidam
958 724 989 780 et
1010 740 1077 782 ver·

60 812 167 872 bosam
200 809 450 870 declamationem
481 808 638 869 dilatatur.
683 810 745 868 iam
776 810 872 888 igitur
900 829 968 870 cum
997 827 1076 868 com·

60 901 160 959 munis
191 899 259 958 fons
282 897 388 959 Livius
416 915 481 958 esse
507 917 568 956 non
594 899 742 974 potuerit,
774 899 847 976 quia
873 898 1076 958 narrationem

62 991 125 1049 eius
150 991 202 1048 sat
225 987 324 1046 multa
346 1005 366 1045 a
387 986 476 1046 Floro
500 990 531 1046 et
549 987 671 1046 Lucano
695 987 784 1046 aliter
802 988 917 1048 tradita
934 987 1076 1048 habuisse

61 1067 226 1159 constat¹),
257 1075 427 1152 proximum
460 1079 506 1134 est
538 1079 574 1134 ut
605 1075 643 1135 ab
676 1076 732 1135 hoc
765 1078 868 1136 eodem
900 1077 989 1137 modo
1017 1096 1076 1154 quo

61 1165 208 1228 avunculi
234 1165 390 1224 naturales
419 1165 610 1242 quaestiones
638 1157 814 1246 expilavit²)
844 1167 937 1225 etiam
960 1167 1011 1226 avi
1032 1167 1077 1225 bi·

63 1257 173 1316 storias
206 1254 239 1312 in
270 1272 360 1312 usum
388 1256 511 1315 vocatas
540 1271 604 1312 esse
631 1256 782 1330 putemus.
826 1258 948 1331 poetam
974 1258 1077 1314 tamen

62 1345 183 1423 saepius
215 1361 308 1420 quam
338 1342 516 1402 historicum
546 1342 585 1401 ab
617 1343 750 1402 auctoris
777 1343 877 1404 verbis
906 1343 1077 1403 discessisse

62 1437 301 1494 consentaneum
324 1433 380 1492 est.
420 1435 555 1491 ceterum
577 1450 637 1490 non
660 1431 692 1489 in
715 1430 851 1490 civilium
872 1435 994 1491 tantum
1015 1432 1076 1490 bel·

60 1525 162 1584 lorum
191 1521 393 1597 descriptione
416 1520 525 1580 Florus
554 1519 685 1580 Senecae
712 1520 854 1580 historias
881 1521 1003 1582 videtur
1032 1539 1076 1580 se·

61 1616 153 1672 cutus
177 1628 250 1670 esse.
292 1613 425 1671 veterem
449 1609 528 1668 enim
550 1608 639 1667 illum
661 1609 874 1668 historicorum
896 1629 1018 1687 morem,
1042 1613 1078 1669 ut

60 1701 150 1761 initio
181 1699 279 1776 operis
301 1716 348 1758 res
372 1699 523 1758 Romanas
545 1698 615 1757 inde
639 1716 657 1755 a
679 1697 850 1774 primordiis
873 1698 957 1758 urbis
979 1717 1076 1776 usque

61 1791 99 1850 ad
128 1807 168 1848 ea
194 1792 332 1864 tempora
360 1805 378 1845 a
405 1786 516 1864 quibus
543 1787 678 1863 ipsorum
706 1787 852 1863 prolixior
873 1789 1007 1847 narratio
1031 1789 1077 1847 in-

60 1878 196 1957 cipiebat
227 1876 312 1936 brevi
339 1879 502 1952 conspectu
530 1875 567 1935 ob
598 1875 700 1934 oculos
727 1876 895 1952 legentium
922 1881 1077 1955 ponerent,

62 1969 210 2028 Senecam
225 1984 346 2043 quoque
361 1965 527 2026 servavisse
548 1983 583 2024 eo
600 1963 788 2039 probabilius
808 1968 862 2042 est,
882 1965 962 2042 quod
980 1968 1078 2024 totam

60 2056 222 2117 historiam
244 2054 351 2131 populi
373 2054 502 2113 Romani
524 2053 556 2111 in
580 2056 696 2112 aetates
719 2053 883 2113 distribuit.
929 2072 998 2112 cum
1020 2054 1076 2131 igi-

61 2150 115 2206 tur
148 2163 217 2204 eum
250 2146 391 2202 accurate
424 2146 456 2202 et
487 2142 649 2220 diligenter
679 2143 785 2201 relatis
817 2143 904 2202 bellis
937 2142 1076 2203 civilibus

63 2235 230 2312 epitomem
272 2235 462 2292 externorum
503 2231 694 2307 praemisisse
734 2231 986 2292 verisimillimum
1029 2231 1077 2310 sit,

62 2322 170 2401 quidni
202 2321 341 2396 Florum,
378 2321 490 2397 quippe
527 2320 580 2397 qui
616 2320 677 2378 iam
715 2319 940 2396 dispositionem
979 2321 1077 2396 operis

61 2431 150 2473 suam
173 2411 311 2483 fecisset,
338 2410 415 2468 hane
441 2427 562 2486 quoque
591 2409 738 2484 expilasse
767 2407 961 2468 censeamus?
1005 2429 1077 2471 cave

61 2506 167 2563 tamen
199 2498 359 2560 credideris
393 2517 463 2556 eum
496 2498 574 2557 fonti
600 2498 672 2556 huic
699 2497 842 2574 primario
875 2498 1013 2558 servilem
1045 2501 1077 2559 in

61 2591 188 2652 modum
211 2607 276 2650 sese
300 2587 455 2647 addixisse.
501 2587 557 2645 hoc
586 2587 666 2645 enim
689 2590 720 2646 et
743 2607 760 2646 a
783 2590 894 2646 natura
916 2587 1001 2647 Flori
1024 2589 1077 2647 ali-

63 2700 157 2741 enum
190 2681 268 2755 erat,
300 2696 390 2754 quem
419 2677 574 2754 eleganter
601 2679 632 2734 et
658 2676 757 2735 facete
785 2677 913 2736 scribere
941 2678 1076 2754 potuisse

61 2767 212 2846 imprimis
234 2767 438 2844 fragmentum
461 2764 575 2842 dialogi
593 2766 628 2824 de
652 2765 777 2839 Vergilio
795 2770 909 2825 oratore
932 2784 972 2826 oo
989 2770 1078 2840 poeto

63 2859 162 2936 docet,
185 2874 283 2933 neque
306 2873 383 2933 quae
402 2854 455 2914 alii
474 2854 612 2913 dixerant
631 2853 812 2915 adverbum
831 2856 969 2914 suumin
988 2873 1077 2913 usum

136 3067 163 3133 1)
186 3061 218 3117 (i.
242 3059 359 3114 Baierue
386 3058 417 3112 in
444 3057 642 3112 dissertatione
665 3057 882 3113 Vretislaviensi
911 3058 978 3112 anni
1007 3063 1076 3113 1874

65 3137 118 3192 ‘De
136 3133 218 3189 Livio
241 3131 348 3185 Lucani
370 3129 401 3184 in
424 3129 547 3184 carmine
572 3129 606 3183 de
629 3127 704 3183 bello
728 3128 806 3184 civili
829 3130 954 3183 auctore’
980 3129 1016 3183 ab
1039 3128 1075 3184 iis

62 3211 124 3263 stat
141 3204 193 3275 qui
209 3203 353 3257 Lucanum
370 3200 485 3256 unicum
498 3199 572 3253 Livii
591 3202 733 3255 auctorem
751 3202 863 3270 putant,
883 3201 932 3254 sed
950 3218 976 3269 p.
992 3206 1075 3270 41eq.

62 3279 115 3334 illa
132 3275 217 3333 affert
234 3273 336 3343 quibus
355 3272 429 3326 inter
448 3288 477 3326 se
496 3270 675 3326 dissentiunt.

134 3351 162 3420 2)
185 3347 240 3402 hoc
268 3343 471 3398 demonstravit
499 3343 532 3397 H.
551 3341 674 3396 Dielsius
702 3342 733 3395 in
762 3340 1001 3412 ‘Abhandlungen
1027 3343 1077 3399 der

62 3421 154 3476 Akad.
179 3419 230 3473 der
247 3415 418 3470 Wissensch.
438 3432 471 3468 ru
489 3412 596 3468 Berlin’
621 3412 689 3467 anni
709 3416 777 3467 1886
797 3411 876 3466 class.
894 3412 1074 3482 philos-hist.

61 3493 101 3547 111
118 3510 145 3562 p.
163 3488 224 3557 iso.
