<?xml version="1.0" encoding="UTF-8"?>
<!DOCTYPE html PUBLIC "-//W3C//DTD XHTML 1.0 Transitional//EN"
    "http://www.w3.org/TR/xhtml1/DTD/xhtml1-transitional.dtd">
<html xmlns="http://www.w3.org/1999/xhtml" xml:lang="en" lang="en">
 <head>
  <title>
</title>
<meta http-equiv="Content-Type" content="text/html;charset=utf-8" />
  <meta name='ocr-system' content='tesseract 3.04.00' />
  <meta name='ocr-capabilities' content='ocr_page ocr_carea ocr_par ocr_line ocrx_word'/>
</head>
<body>
  <div class='ocr_page' id='page_1' title='image "./lannaeifloriepi04florgoog_0048.png"; bbox 0 0 2334 3922; ppageno 0'>
   <div class='ocr_carea' id='block_1_1' title="bbox 378 186 1080 242">
    <p class='ocr_par' dir='ltr' id='par_1_1' title="bbox 378 186 1080 242">
     <span class='ocr_line' id='line_1_1' title="bbox 378 186 1080 242; baseline 0.006 -5"><span class='ocrx_word' id='word_1_1' title='bbox 378 187 579 241; x_wconf 78' lang='lat' dir='ltr'>PRAEFATIO</span> <span class='ocrx_word' id='word_1_2' title='bbox 598 187 768 240; x_wconf 82' lang='lat' dir='ltr'>EDITORIS</span> <span class='ocrx_word' id='word_1_3' title='bbox 991 186 1080 242; x_wconf 82' lang='lat' dir='ltr'>XLIII</span> 
     </span>
    </p>
   </div>
   <div class='ocr_carea' id='block_1_2' title="bbox 10 353 1163 2751">
    <p class='ocr_par' dir='ltr' id='par_1_2' title="bbox 62 353 1080 507">
     <span class='ocr_line' id='line_1_2' title="bbox 62 353 1080 432; baseline 0 -15"><span class='ocrx_word' id='word_1_4' title='bbox 62 359 141 417; x_wconf 88' lang='lat' dir='ltr'>rium</span> <span class='ocrx_word' id='word_1_5' title='bbox 160 356 250 416; x_wconf 85' lang='lat' dir='ltr'>duxit</span> <span class='ocrx_word' id='word_1_6' title='bbox 271 357 342 432; x_wconf 88' lang='lat' dir='ltr'>post</span> <span class='ocrx_word' id='word_1_7' title='bbox 363 357 510 414; x_wconf 65' lang='lat' dir='ltr'>mortemar</span> <span class='ocrx_word' id='word_1_8' title='bbox 532 353 654 414; x_wconf 91' lang='lat' dir='ltr'>nomina</span> <span class='ocrx_word' id='word_1_9' title='bbox 672 354 798 414; x_wconf 84' lang='lat' dir='ltr'><em>Romam</em></span> <span class='ocrx_word' id='word_1_10' title='bbox 818 354 1080 431; x_wconf 72' lang='lat' dir='ltr'>Oortboqo&#39;nomqao</span> 
     </span>
     <span class='ocr_line' id='line_1_3' title="bbox 63 448 191 507; baseline -0.016 0"><span class='ocrx_word' id='word_1_11' title='bbox 63 448 191 507; x_wconf 79' lang='lat' dir='ltr'><strong>adicere.</strong></span> 
     </span>
    </p>

    <p class='ocr_par' dir='ltr' id='par_1_3' title="bbox 64 533 1163 792">
     <span class='ocr_line' id='line_1_4' title="bbox 127 533 1163 611; baseline 0 -16"><span class='ocrx_word' id='word_1_12' title='bbox 127 537 197 595; x_wconf 90' lang='lat' dir='ltr'>Iam</span> <span class='ocrx_word' id='word_1_13' title='bbox 211 552 284 595; x_wconf 83' lang='lat' dir='ltr'>vero</span> <span class='ocrx_word' id='word_1_14' title='bbox 299 533 445 593; x_wconf 86' lang='lat' dir='ltr'>nonnulla</span> <span class='ocrx_word' id='word_1_15' title='bbox 468 533 509 592; x_wconf 87' lang='lat' dir='ltr'>de</span> <span class='ocrx_word' id='word_1_16' title='bbox 528 533 634 594; x_wconf 85' lang='lat' dir='ltr'>Floro</span> <span class='ocrx_word' id='word_1_17' title='bbox 656 534 737 610; x_wconf 90' lang='lat' dir='ltr'>ipso</span> <span class='ocrx_word' id='word_1_18' title='bbox 756 534 907 611; x_wconf 90' lang='lat' dir='ltr'>eiusque</span> <span class='ocrx_word' id='word_1_19' title='bbox 926 535 1076 611; x_wconf 85' lang='lat' dir='ltr'>seriptis</span> <span class='ocrx_word' id='word_1_20' title='bbox 1158 563 1163 579; x_wconf 88' lang='lat'><strong>·</strong></span> 
     </span>
     <span class='ocr_line' id='line_1_5' title="bbox 64 611 1159 701; baseline 0.002 -18"><span class='ocrx_word' id='word_1_21' title='bbox 64 625 190 684; x_wconf 77' lang='lat' dir='ltr'>dicenda</span> <span class='ocrx_word' id='word_1_22' title='bbox 213 626 294 683; x_wconf 88' lang='lat' dir='ltr'>sunt.</span> <span class='ocrx_word' id='word_1_23' title='bbox 340 625 431 699; x_wconf 87' lang='lat' dir='ltr'>atque</span> <span class='ocrx_word' id='word_1_24' title='bbox 458 626 495 682; x_wconf 89' lang='lat' dir='ltr'>nt</span> <span class='ocrx_word' id='word_1_25' title='bbox 518 641 536 681; x_wconf 90' lang='lat' dir='ltr'>a</span> <span class='ocrx_word' id='word_1_26' title='bbox 558 622 730 682; x_wconf 87' lang='lat' dir='ltr'>nominibus</span> <span class='ocrx_word' id='word_1_27' title='bbox 754 623 818 683; x_wconf 87' lang='lat' dir='ltr'>eius</span> <span class='ocrx_word' id='word_1_28' title='bbox 842 624 994 701; x_wconf 84' lang='lat' dir='ltr'>exordiar,</span> <span class='ocrx_word' id='word_1_29' title='bbox 1021 626 1078 685; x_wconf 86' lang='lat' dir='ltr'>hae</span> <span class='ocrx_word' id='word_1_30' title='bbox 1112 611 1159 641; x_wconf 63' lang='lat'><strong>²¹⁰¹*</strong></span> 
     </span>
     <span class='ocr_line' id='line_1_6' title="bbox 66 710 1080 792; baseline 0.001 -20"><span class='ocrx_word' id='word_1_31' title='bbox 66 733 186 792; x_wconf 87' lang='lat' dir='ltr'>quoqne</span> <span class='ocrx_word' id='word_1_32' title='bbox 213 732 247 771; x_wconf 91' lang='lat' dir='ltr'>re</span> <span class='ocrx_word' id='word_1_33' title='bbox 269 710 500 790; x_wconf 84' lang='lat' dir='ltr'>Bambergensis</span> <span class='ocrx_word' id='word_1_34' title='bbox 527 713 661 772; x_wconf 77' lang='lat' dir='ltr'>recensio</span> <span class='ocrx_word' id='word_1_35' title='bbox 691 715 721 772; x_wconf 89' lang='lat' dir='ltr'>et</span> <span class='ocrx_word' id='word_1_36' title='bbox 744 713 912 772; x_wconf 87' lang='lat' dir='ltr'>Nazariana</span> <span class='ocrx_word' id='word_1_37' title='bbox 939 711 1019 772; x_wconf 84' lang='lat' dir='ltr'>inter</span> <span class='ocrx_word' id='word_1_38' title='bbox 1048 733 1080 773; x_wconf 88' lang='lat' dir='ltr'>se</span> 
     </span>
    </p>

    <p class='ocr_par' dir='ltr' id='par_1_4' title="bbox 10 778 1080 879">
     <span class='ocr_line' id='line_1_7' title="bbox 10 778 1080 879; baseline 0.001 -18"><span class='ocrx_word' id='word_1_39' title='bbox 10 778 17 861; x_wconf 69' lang='grc' dir='ltr'>Ι</span> <span class='ocrx_word' id='word_1_40' title='bbox 66 803 210 863; x_wconf 75' lang='lat' dir='ltr'>differunt</span> <span class='ocrx_word' id='word_1_41' title='bbox 233 801 314 879; x_wconf 88' lang='lat' dir='ltr'>quod</span> <span class='ocrx_word' id='word_1_42' title='bbox 340 800 373 859; x_wconf 93' lang='lat' dir='ltr'>in</span> <span class='ocrx_word' id='word_1_43' title='bbox 394 801 420 859; x_wconf 93' lang='lat' dir='ltr'>B</span> <span class='ocrx_word' id='word_1_44' title='bbox 443 801 543 860; x_wconf 73' lang='lat' dir='ltr'>Iubae</span> <span class='ocrx_word' id='word_1_45' title='bbox 565 801 677 860; x_wconf 81' lang='lat' dir='ltr'>Floras</span> <span class='ocrx_word' id='word_1_46' title='bbox 703 802 736 859; x_wconf 91' lang='lat' dir='ltr'>in</span> <span class='ocrx_word' id='word_1_47' title='bbox 764 800 786 861; x_wconf 83' lang='lat'>0</span> <span class='ocrx_word' id='word_1_48' title='bbox 809 801 847 861; x_wconf 76' lang='lat' dir='ltr'>L,</span> <span class='ocrx_word' id='word_1_49' title='bbox 861 799 985 861; x_wconf 72' lang='lat' dir='ltr'>Armatae</span> <span class='ocrx_word' id='word_1_50' title='bbox 1007 802 1080 862; x_wconf 85' lang='lat' dir='ltr'>Flo-</span> 
     </span>
    </p>

    <p class='ocr_par' dir='ltr' id='par_1_5' title="bbox 10 890 1080 983">
     <span class='ocr_line' id='line_1_8' title="bbox 10 890 1080 983; baseline -0.001 -31"><span class='ocrx_word' id='word_1_51' title='bbox 10 928 18 983; x_wconf 53' lang='lat' dir='ltr'>i</span> <span class='ocrx_word' id='word_1_52' title='bbox 65 911 113 952; x_wconf 83' lang='lat' dir='ltr'>ros</span> <span class='ocrx_word' id='word_1_53' title='bbox 147 890 245 951; x_wconf 88' lang='lat' dir='ltr'>audit.</span> <span class='ocrx_word' id='word_1_54' title='bbox 294 909 392 967; x_wconf 85' lang='lat' dir='ltr'>neque</span> <span class='ocrx_word' id='word_1_55' title='bbox 419 909 490 950; x_wconf 84' lang='lat' dir='ltr'>vero</span> <span class='ocrx_word' id='word_1_56' title='bbox 523 890 555 948; x_wconf 89' lang='lat' dir='ltr'>in</span> <span class='ocrx_word' id='word_1_57' title='bbox 580 890 609 949; x_wconf 86' lang='lat' dir='ltr'>N</span> <span class='ocrx_word' id='word_1_58' title='bbox 637 891 759 949; x_wconf 87' lang='lat' dir='ltr'>demum</span> <span class='ocrx_word' id='word_1_59' title='bbox 786 892 865 951; x_wconf 90' lang='lat' dir='ltr'>etL</span> <span class='ocrx_word' id='word_1_60' title='bbox 894 894 925 950; x_wconf 91' lang='lat' dir='ltr'>et</span> <span class='ocrx_word' id='word_1_61' title='bbox 951 892 983 949; x_wconf 89' lang='lat' dir='ltr'>in</span> <span class='ocrx_word' id='word_1_62' title='bbox 1011 891 1080 951; x_wconf 89' lang='lat' dir='ltr'>aliis</span> 
     </span>
    </p>

    <p class='ocr_par' dir='ltr' id='par_1_6' title="bbox 13 979 1080 1057">
     <span class='ocr_line' id='line_1_9' title="bbox 13 979 1080 1057; baseline 0.002 -20"><span class='ocrx_word' id='word_1_63' title='bbox 13 990 19 1037; x_wconf 87' lang='grc'>1</span> <span class='ocrx_word' id='word_1_64' title='bbox 66 981 200 1041; x_wconf 86' lang='lat' dir='ltr'>eiusdem</span> <span class='ocrx_word' id='word_1_65' title='bbox 229 979 332 1056; x_wconf 81' lang='lat' dir='ltr'>stirpis</span> <span class='ocrx_word' id='word_1_66' title='bbox 360 979 445 1039; x_wconf 86' lang='lat' dir='ltr'>libris</span> <span class='ocrx_word' id='word_1_67' title='bbox 473 998 655 1056; x_wconf 81' lang='lat' dir='ltr'>praenomen</span> <span class='ocrx_word' id='word_1_68' title='bbox 685 983 715 1039; x_wconf 92' lang='lat' dir='ltr'>et</span> <span class='ocrx_word' id='word_1_69' title='bbox 742 999 851 1040; x_wconf 88' lang='lat' dir='ltr'>nomen</span> <span class='ocrx_word' id='word_1_70' title='bbox 879 984 995 1057; x_wconf 79' lang='lat' dir='ltr'>extant,</span> <span class='ocrx_word' id='word_1_71' title='bbox 1027 982 1080 1040; x_wconf 87' lang='lat' dir='ltr'>eod</span> 
     </span>
    </p>

    <p class='ocr_par' dir='ltr' id='par_1_7' title="bbox 14 1044 1081 1147">
     <span class='ocr_line' id='line_1_10' title="bbox 14 1044 1081 1147; baseline 0.003 -22"><span class='ocrx_word' id='word_1_72' title='bbox 14 1044 20 1125; x_wconf 80' lang='lat' dir='ltr'>l</span> <span class='ocrx_word' id='word_1_73' title='bbox 68 1071 125 1129; x_wconf 89' lang='lat' dir='ltr'>iam</span> <span class='ocrx_word' id='word_1_74' title='bbox 149 1070 190 1129; x_wconf 89' lang='lat' dir='ltr'>ab</span> <span class='ocrx_word' id='word_1_75' title='bbox 215 1087 249 1129; x_wconf 91' lang='lat' dir='ltr'>eo</span> <span class='ocrx_word' id='word_1_76' title='bbox 274 1067 328 1146; x_wconf 92' lang='lat' dir='ltr'>qui</span> <span class='ocrx_word' id='word_1_77' title='bbox 348 1069 510 1146; x_wconf 83' lang='lat' dir='ltr'><strong>prologum</strong></span> <span class='ocrx_word' id='word_1_78' title='bbox 533 1069 654 1145; x_wconf 78' lang='lat' dir='ltr'>scripsit</span> <span class='ocrx_word' id='word_1_79' title='bbox 675 1069 707 1127; x_wconf 88' lang='lat' dir='ltr'>in</span> <span class='ocrx_word' id='word_1_80' title='bbox 730 1070 832 1129; x_wconf 85' lang='lat' dir='ltr'>oodioe</span> <span class='ocrx_word' id='word_1_81' title='bbox 856 1089 915 1147; x_wconf 92' lang='lat' dir='ltr'>quo</span> <span class='ocrx_word' id='word_1_82' title='bbox 936 1069 1081 1130; x_wconf 87' lang='lat' dir='ltr'>utebatur</span> 
     </span>
    </p>

    <p class='ocr_par' dir='ltr' id='par_1_8' title="bbox 15 1140 1079 1240">
     <span class='ocr_line' id='line_1_11' title="bbox 15 1140 1079 1240; baseline 0.001 -22"><span class='ocrx_word' id='word_1_83' title='bbox 15 1140 21 1233; x_wconf 64' lang='lat' dir='ltr'>I</span> <span class='ocrx_word' id='word_1_84' title='bbox 66 1160 188 1220; x_wconf 78' lang='lat' dir='ltr'>inventa</span> <span class='ocrx_word' id='word_1_85' title='bbox 212 1161 285 1217; x_wconf 88' lang='lat' dir='ltr'>eunt</span> <span class='ocrx_word' id='word_1_86' title='bbox 307 1148 348 1239; x_wconf 81' lang='lat' dir='ltr'>(v.</span> <span class='ocrx_word' id='word_1_87' title='bbox 367 1178 395 1235; x_wconf 91' lang='lat' dir='ltr'>p.</span> <span class='ocrx_word' id='word_1_88' title='bbox 415 1150 570 1240; x_wconf 84' lang='lat' dir='ltr'>XXVHI).</span> <span class='ocrx_word' id='word_1_89' title='bbox 607 1161 711 1218; x_wconf 89' lang='lat' dir='ltr'>eontra</span> <span class='ocrx_word' id='word_1_90' title='bbox 733 1158 797 1217; x_wconf 83' lang='lat' dir='ltr'>Iala&#39;</span> <span class='ocrx_word' id='word_1_91' title='bbox 823 1177 932 1218; x_wconf 90' lang='lat' dir='ltr'>nomen</span> <span class='ocrx_word' id='word_1_92' title='bbox 959 1162 1029 1218; x_wconf 86' lang='lat' dir='ltr'>ante</span> <span class='ocrx_word' id='word_1_93' title='bbox 1052 1160 1079 1219; x_wconf 93' lang='lat' dir='ltr'>B</span> 
     </span>
    </p>

    <p class='ocr_par' dir='ltr' id='par_1_9' title="bbox 12 1240 1079 1327">
     <span class='ocr_line' id='line_1_12' title="bbox 12 1240 1079 1327; baseline 0.001 -21"><span class='ocrx_word' id='word_1_94' title='bbox 12 1240 19 1327; x_wconf 75' lang='lat' dir='ltr'>I</span> <span class='ocrx_word' id='word_1_95' title='bbox 65 1269 121 1308; x_wconf 90' lang='lat' dir='ltr'>non</span> <span class='ocrx_word' id='word_1_96' title='bbox 141 1247 277 1308; x_wconf 88' lang='lat' dir='ltr'>ooourrit</span> <span class='ocrx_word' id='word_1_97' title='bbox 294 1250 326 1306; x_wconf 92' lang='lat' dir='ltr'>et</span> <span class='ocrx_word' id='word_1_98' title='bbox 343 1247 421 1323; x_wconf 89' lang='lat' dir='ltr'>ideo,</span> <span class='ocrx_word' id='word_1_99' title='bbox 440 1248 521 1324; x_wconf 89' lang='lat' dir='ltr'>quod</span> <span class='ocrx_word' id='word_1_100' title='bbox 539 1265 722 1323; x_wconf 82' lang='lat' dir='ltr'>praenomen</span> <span class='ocrx_word' id='word_1_101' title='bbox 741 1248 769 1305; x_wconf 92' lang='lat' dir='ltr'>ei</span> <span class='ocrx_word' id='word_1_102' title='bbox 791 1267 851 1308; x_wconf 90' lang='lat' dir='ltr'>non</span> <span class='ocrx_word' id='word_1_103' title='bbox 874 1249 1079 1326; x_wconf 83' lang='lat' dir='ltr'>praeponitur,</span> 
     </span>
    </p>

    <p class='ocr_par' dir='ltr' id='par_1_10' title="bbox 10 1336 1079 1429">
     <span class='ocr_line' id='line_1_13' title="bbox 10 1336 1079 1429; baseline 0.001 -33"><span class='ocrx_word' id='word_1_104' title='bbox 10 1356 17 1429; x_wconf 63' lang='lat' dir='ltr'>p</span> <span class='ocrx_word' id='word_1_105' title='bbox 64 1337 266 1414; x_wconf 78' lang='lat' dir='ltr'>suspicionem</span> <span class='ocrx_word' id='word_1_106' title='bbox 292 1339 404 1396; x_wconf 86' lang='lat' dir='ltr'>moret.</span> <span class='ocrx_word' id='word_1_107' title='bbox 449 1355 521 1395; x_wconf 88' lang='lat' dir='ltr'>nam</span> <span class='ocrx_word' id='word_1_108' title='bbox 547 1339 666 1395; x_wconf 85' lang='lat' dir='ltr'>constat</span> <span class='ocrx_word' id='word_1_109' title='bbox 692 1354 711 1394; x_wconf 90' lang='lat' dir='ltr'>a</span> <span class='ocrx_word' id='word_1_110' title='bbox 737 1337 830 1395; x_wconf 88' lang='lat' dir='ltr'>medii</span> <span class='ocrx_word' id='word_1_111' title='bbox 858 1337 925 1398; x_wconf 87' lang='lat' dir='ltr'>aevi</span> <span class='ocrx_word' id='word_1_112' title='bbox 947 1336 1079 1397; x_wconf 88' lang='lat' dir='ltr'>librariis</span> 
     </span>
    </p>

    <p class='ocr_par' dir='ltr' id='par_1_11' title="bbox 10 1424 1080 2751">
     <span class='ocr_line' id='line_1_14' title="bbox 10 1424 1080 1507; baseline 0 -23"><span class='ocrx_word' id='word_1_113' title='bbox 10 1432 15 1507; x_wconf 65' lang='lat'>1</span> <span class='ocrx_word' id='word_1_114' title='bbox 64 1446 121 1487; x_wconf 88' lang='lat' dir='ltr'>non</span> <span class='ocrx_word' id='word_1_115' title='bbox 150 1427 251 1485; x_wconf 86' lang='lat' dir='ltr'>solum</span> <span class='ocrx_word' id='word_1_116' title='bbox 279 1425 460 1502; x_wconf 82' lang='lat' dir='ltr'>scriptorum</span> <span class='ocrx_word' id='word_1_117' title='bbox 487 1424 609 1485; x_wconf 90' lang='lat' dir='ltr'>nomina</span> <span class='ocrx_word' id='word_1_118' title='bbox 636 1425 743 1484; x_wconf 88' lang='lat' dir='ltr'>misere</span> <span class='ocrx_word' id='word_1_119' title='bbox 773 1429 916 1502; x_wconf 79' lang='lat' dir='ltr'>corrupta</span> <span class='ocrx_word' id='word_1_120' title='bbox 946 1443 1010 1485; x_wconf 89' lang='lat' dir='ltr'>esse</span> <span class='ocrx_word' id='word_1_121' title='bbox 1034 1458 1080 1467; x_wconf 89' lang='lat'>—</span> 
     </span>
     <span class='ocr_line' id='line_1_15' title="bbox 62 1512 1080 1592; baseline 0.001 -18"><span class='ocrx_word' id='word_1_122' title='bbox 62 1516 93 1574; x_wconf 90' lang='lat' dir='ltr'>in</span> <span class='ocrx_word' id='word_1_123' title='bbox 115 1516 259 1592; x_wconf 84' lang='lat' dir='ltr'>catalogo</span> <span class='ocrx_word' id='word_1_124' title='bbox 282 1513 483 1575; x_wconf 86' lang='lat' dir='ltr'>bibliotheoae</span> <span class='ocrx_word' id='word_1_125' title='bbox 502 1514 768 1574; x_wconf 88' lang='lat' dir='ltr'>Laureshamensis</span> <span class='ocrx_word' id='word_1_126' title='bbox 788 1515 902 1574; x_wconf 77' lang='lat' dir='ltr'>saeculi</span> <span class='ocrx_word' id='word_1_127' title='bbox 919 1514 962 1573; x_wconf 94' lang='lat' dir='ltr'>IX</span> <span class='ocrx_word' id='word_1_128' title='bbox 980 1512 1080 1575; x_wconf 76' lang='lat' dir='ltr'>Amet</span> 
     </span>
     <span class='ocr_line' id='line_1_16' title="bbox 60 1603 1078 1682; baseline 0 -18"><span class='ocrx_word' id='word_1_129' title='bbox 60 1605 148 1664; x_wconf 71' lang='lat' dir='ltr'>Hori</span> <span class='ocrx_word' id='word_1_130' title='bbox 170 1604 203 1663; x_wconf 89' lang='lat' dir='ltr'>in</span> <span class='ocrx_word' id='word_1_131' title='bbox 225 1604 321 1663; x_wconf 77' lang='lat' dir='ltr'>Enati</span> <span class='ocrx_word' id='word_1_132' title='bbox 342 1604 431 1663; x_wconf 84' lang='lat' dir='ltr'>Floro&#39;</span> <span class='ocrx_word' id='word_1_133' title='bbox 452 1607 605 1663; x_wconf 87' lang='lat' dir='ltr'>mutatum</span> <span class='ocrx_word' id='word_1_134' title='bbox 629 1606 675 1663; x_wconf 92' lang='lat' dir='ltr'>est</span> <span class='ocrx_word' id='word_1_135' title='bbox 698 1606 729 1663; x_wconf 89' lang='lat' dir='ltr'>et</span> <span class='ocrx_word' id='word_1_136' title='bbox 751 1604 783 1662; x_wconf 90' lang='lat' dir='ltr'>in</span> <span class='ocrx_word' id='word_1_137' title='bbox 809 1604 948 1682; x_wconf 82' lang='lat' dir='ltr'>catalogo</span> <span class='ocrx_word' id='word_1_138' title='bbox 971 1603 1078 1664; x_wconf 88' lang='lat' dir='ltr'>Lemo·</span> 
     </span>
     <span class='ocr_line' id='line_1_17' title="bbox 60 1684 1078 1774; baseline -0.001 -20"><span class='ocrx_word' id='word_1_139' title='bbox 60 1694 177 1754; x_wconf 85' lang='lat' dir='ltr'>vio&#39;ensi</span> <span class='ocrx_word' id='word_1_140' title='bbox 204 1693 318 1752; x_wconf 85' lang='lat' dir='ltr'>saeculi</span> <span class='ocrx_word' id='word_1_141' title='bbox 340 1693 398 1752; x_wconf 86' lang='lat' dir='ltr'>XII</span> <span class='ocrx_word' id='word_1_142' title='bbox 428 1692 529 1752; x_wconf 53' lang='lat' dir='ltr'>wotos</span> <span class='ocrx_word' id='word_1_143' title='bbox 555 1693 668 1752; x_wconf 82' lang='lat' dir='ltr'>Floras</span> <span class='ocrx_word' id='word_1_144' title='bbox 694 1684 912 1774; x_wconf 77' lang='lat' dir='ltr'>memoratur²)</span> <span class='ocrx_word' id='word_1_145' title='bbox 937 1725 991 1771; x_wconf 87' lang='lat'>—,</span> <span class='ocrx_word' id='word_1_146' title='bbox 1025 1694 1078 1753; x_wconf 87' lang='lat' dir='ltr'>sed</span> 
     </span>
     <span class='ocr_line' id='line_1_18' title="bbox 61 1782 1077 1860; baseline -0.002 -17"><span class='ocrx_word' id='word_1_147' title='bbox 61 1803 77 1843; x_wconf 93' lang='lat' dir='ltr'>e</span> <span class='ocrx_word' id='word_1_148' title='bbox 103 1782 246 1860; x_wconf 87' lang='lat' dir='ltr'>pluribus</span> <span class='ocrx_word' id='word_1_149' title='bbox 273 1782 446 1843; x_wconf 89' lang='lat' dir='ltr'>nominibus</span> <span class='ocrx_word' id='word_1_150' title='bbox 474 1802 569 1842; x_wconf 88' lang='lat' dir='ltr'>unum</span> <span class='ocrx_word' id='word_1_151' title='bbox 596 1783 645 1843; x_wconf 83' lang='lat' dir='ltr'>rel</span> <span class='ocrx_word' id='word_1_152' title='bbox 674 1782 732 1842; x_wconf 89' lang='lat' dir='ltr'>duo</span> <span class='ocrx_word' id='word_1_153' title='bbox 761 1786 793 1842; x_wconf 92' lang='lat' dir='ltr'>et</span> <span class='ocrx_word' id='word_1_154' title='bbox 821 1782 967 1858; x_wconf 85' lang='lat' dir='ltr'>imprimis</span> <span class='ocrx_word' id='word_1_155' title='bbox 991 1803 1077 1860; x_wconf 91' lang='lat' dir='ltr'>prae-</span> 
     </span>
     <span class='ocr_line' id='line_1_19' title="bbox 59 1871 1078 1949; baseline 0 -17"><span class='ocrx_word' id='word_1_156' title='bbox 59 1891 171 1933; x_wconf 89' lang='lat' dir='ltr'>nomen</span> <span class='ocrx_word' id='word_1_157' title='bbox 202 1875 257 1930; x_wconf 88' lang='lat' dir='ltr'>aut</span> <span class='ocrx_word' id='word_1_158' title='bbox 287 1889 396 1931; x_wconf 90' lang='lat' dir='ltr'>nomen</span> <span class='ocrx_word' id='word_1_159' title='bbox 427 1875 574 1949; x_wconf 88' lang='lat' dir='ltr'>tanquam</span> <span class='ocrx_word' id='word_1_160' title='bbox 596 1871 728 1930; x_wconf 84' lang='lat' dir='ltr'>&#39;inutilia</span> <span class='ocrx_word' id='word_1_161' title='bbox 761 1875 793 1931; x_wconf 92' lang='lat' dir='ltr'>et</span> <span class='ocrx_word' id='word_1_162' title='bbox 819 1891 837 1930; x_wconf 93' lang='lat' dir='ltr'>a</span> <span class='ocrx_word' id='word_1_163' title='bbox 864 1890 937 1931; x_wconf 90' lang='lat' dir='ltr'>suae</span> <span class='ocrx_word' id='word_1_164' title='bbox 966 1873 1078 1932; x_wconf 87' lang='lat' dir='ltr'>aetatis</span> 
     </span>
     <span class='ocr_line' id='line_1_20' title="bbox 59 1960 1079 2038; baseline 0.001 -18"><span class='ocrx_word' id='word_1_165' title='bbox 59 1981 144 2022; x_wconf 90' lang='lat' dir='ltr'>more</span> <span class='ocrx_word' id='word_1_166' title='bbox 168 1960 362 2020; x_wconf 85' lang='lat' dir='ltr'>abhorrentia</span> <span class='ocrx_word' id='word_1_167' title='bbox 382 1961 558 2038; x_wconf 85' lang='lat' dir='ltr'>frequenter</span> <span class='ocrx_word' id='word_1_168' title='bbox 577 1962 687 2020; x_wconf 86' lang='lat' dir='ltr'>omissa</span> <span class='ocrx_word' id='word_1_169' title='bbox 707 1979 779 2021; x_wconf 84' lang='lat' dir='ltr'>esse.</span> <span class='ocrx_word' id='word_1_170' title='bbox 816 1961 920 2038; x_wconf 87' lang='lat' dir='ltr'>itaque</span> <span class='ocrx_word' id='word_1_171' title='bbox 940 1961 1079 2021; x_wconf 90' lang='lat' dir='ltr'>etiamsi</span> 
     </span>
     <span class='ocr_line' id='line_1_21' title="bbox 58 2050 1077 2127; baseline -0.001 -17"><span class='ocrx_word' id='word_1_172' title='bbox 58 2071 121 2111; x_wconf 86' lang='lat' dir='ltr'>non</span> <span class='ocrx_word' id='word_1_173' title='bbox 150 2050 229 2109; x_wconf 81' lang='lat' dir='ltr'>aliae</span> <span class='ocrx_word' id='word_1_174' title='bbox 257 2067 380 2127; x_wconf 79' lang='lat' dir='ltr'>causae,</span> <span class='ocrx_word' id='word_1_175' title='bbox 407 2050 444 2108; x_wconf 89' lang='lat' dir='ltr'>de</span> <span class='ocrx_word' id='word_1_176' title='bbox 473 2050 583 2127; x_wconf 87' lang='lat' dir='ltr'>quibus</span> <span class='ocrx_word' id='word_1_177' title='bbox 610 2051 691 2109; x_wconf 85' lang='lat' dir='ltr'>infra</span> <span class='ocrx_word' id='word_1_178' title='bbox 719 2050 879 2109; x_wconf 82' lang='lat' dir='ltr'>dicendum</span> <span class='ocrx_word' id='word_1_179' title='bbox 906 2053 965 2126; x_wconf 86' lang='lat' dir='ltr'>est,</span> <span class='ocrx_word' id='word_1_180' title='bbox 994 2067 1077 2109; x_wconf 85' lang='lat' dir='ltr'>acoe-</span> 
     </span>
     <span class='ocr_line' id='line_1_22' title="bbox 60 2138 1077 2216; baseline 0.001 -18"><span class='ocrx_word' id='word_1_181' title='bbox 60 2141 182 2216; x_wconf 79' lang='lat' dir='ltr'>derent,</span> <span class='ocrx_word' id='word_1_182' title='bbox 205 2157 352 2216; x_wconf 89' lang='lat' dir='ltr'>perquam</span> <span class='ocrx_word' id='word_1_183' title='bbox 374 2138 529 2215; x_wconf 89' lang='lat' dir='ltr'>probabile</span> <span class='ocrx_word' id='word_1_184' title='bbox 555 2139 708 2200; x_wconf 84' lang='lat' dir='ltr'>videretur</span> <span class='ocrx_word' id='word_1_185' title='bbox 731 2138 753 2198; x_wconf 84' lang='lat'>0</span> <span class='ocrx_word' id='word_1_186' title='bbox 776 2139 894 2199; x_wconf 85' lang='lat' dir='ltr'>rariora</span> <span class='ocrx_word' id='word_1_187' title='bbox 917 2138 1077 2199; x_wconf 83' lang='lat' dir='ltr'>tradidisse</span> 
     </span>
     <span class='ocr_line' id='line_1_23' title="bbox 60 2227 1077 2306; baseline 0.002 -19"><span class='ocrx_word' id='word_1_188' title='bbox 60 2247 156 2306; x_wconf 87' lang='lat' dir='ltr'>quam</span> <span class='ocrx_word' id='word_1_189' title='bbox 175 2228 211 2287; x_wconf 90' lang='lat' dir='ltr'>B.</span> <span class='ocrx_word' id='word_1_190' title='bbox 256 2227 289 2286; x_wconf 85' lang='lat' dir='ltr'>id</span> <span class='ocrx_word' id='word_1_191' title='bbox 316 2228 395 2286; x_wconf 91' lang='lat' dir='ltr'>enim</span> <span class='ocrx_word' id='word_1_192' title='bbox 426 2230 507 2305; x_wconf 85' lang='lat' dir='ltr'>quod</span> <span class='ocrx_word' id='word_1_193' title='bbox 521 2229 649 2288; x_wconf 82' lang='lat' dir='ltr'>obstare</span> <span class='ocrx_word' id='word_1_194' title='bbox 671 2231 783 2305; x_wconf 88' lang='lat' dir='ltr'>putant</span> <span class='ocrx_word' id='word_1_195' title='bbox 805 2228 883 2286; x_wconf 81' lang='lat' dir='ltr'>Laoa&#39;</span> <span class='ocrx_word' id='word_1_196' title='bbox 904 2247 964 2287; x_wconf 88' lang='lat' dir='ltr'>non</span> <span class='ocrx_word' id='word_1_197' title='bbox 987 2227 1077 2289; x_wconf 86' lang='lat' dir='ltr'>faoile</span> 
     </span>
     <span class='ocr_line' id='line_1_24' title="bbox 59 2308 1078 2399; baseline 0.001 -23"><span class='ocrx_word' id='word_1_198' title='bbox 59 2318 92 2376; x_wconf 87' lang='lat' dir='ltr'>in</span> <span class='ocrx_word' id='word_1_199' title='bbox 110 2317 176 2376; x_wconf 79' lang='lat' dir='ltr'>Irdo&#39;</span> <span class='ocrx_word' id='word_1_200' title='bbox 193 2316 346 2393; x_wconf 85' lang='lat' dir='ltr'>eorrumpi</span> <span class='ocrx_word' id='word_1_201' title='bbox 363 2308 540 2399; x_wconf 76' lang='lat' dir='ltr'>potuisse²)‚</span> <span class='ocrx_word' id='word_1_202' title='bbox 564 2337 624 2376; x_wconf 90' lang='lat' dir='ltr'>non</span> <span class='ocrx_word' id='word_1_203' title='bbox 643 2317 754 2377; x_wconf 90' lang='lat' dir='ltr'>obioiet</span> <span class='ocrx_word' id='word_1_204' title='bbox 772 2318 797 2376; x_wconf 92' lang='lat' dir='ltr'>is</span> <span class='ocrx_word' id='word_1_205' title='bbox 817 2318 870 2394; x_wconf 87' lang='lat' dir='ltr'>qui</span> <span class='ocrx_word' id='word_1_206' title='bbox 888 2317 1078 2392; x_wconf 86' lang='lat' dir='ltr'>reputaverit</span> 
     </span>
     <span class='ocr_line' id='line_1_25' title="bbox 58 2405 1077 2484; baseline -0.001 -18"><span class='ocrx_word' id='word_1_207' title='bbox 58 2407 102 2480; x_wconf 86' lang='lat' dir='ltr'>N,</span> <span class='ocrx_word' id='word_1_208' title='bbox 141 2426 232 2484; x_wconf 88' lang='lat' dir='ltr'>quem</span> <span class='ocrx_word' id='word_1_209' title='bbox 263 2406 311 2465; x_wconf 87' lang='lat' dir='ltr'>his</span> <span class='ocrx_word' id='word_1_210' title='bbox 343 2407 376 2465; x_wconf 89' lang='lat' dir='ltr'>in</span> <span class='ocrx_word' id='word_1_211' title='bbox 406 2407 496 2465; x_wconf 90' lang='lat' dir='ltr'>rebus</span> <span class='ocrx_word' id='word_1_212' title='bbox 529 2407 621 2482; x_wconf 86' lang='lat' dir='ltr'>paulo</span> <span class='ocrx_word' id='word_1_213' title='bbox 653 2406 779 2483; x_wconf 88' lang='lat' dir='ltr'>propius</span> <span class='ocrx_word' id='word_1_214' title='bbox 811 2407 850 2465; x_wconf 89' lang='lat' dir='ltr'>ad</span> <span class='ocrx_word' id='word_1_215' title='bbox 876 2405 903 2464; x_wconf 92' lang='lat' dir='ltr'>X</span> <span class='ocrx_word' id='word_1_216' title='bbox 935 2405 1077 2466; x_wconf 88' lang='lat' dir='ltr'>aooedero</span> 
     </span>
     <span class='ocr_line' id='line_1_26' title="bbox 59 2486 1076 2577; baseline 0.001 -22"><span class='ocrx_word' id='word_1_217' title='bbox 59 2515 154 2574; x_wconf 88' lang='lat' dir='ltr'>quam</span> <span class='ocrx_word' id='word_1_218' title='bbox 172 2495 199 2554; x_wconf 92' lang='lat' dir='ltr'>B</span> <span class='ocrx_word' id='word_1_219' title='bbox 221 2495 391 2556; x_wconf 86' lang='lat' dir='ltr'>videbimus</span> <span class='ocrx_word' id='word_1_220' title='bbox 410 2486 454 2577; x_wconf 71' lang='grc' dir='ltr'>(μ’</span> <span class='ocrx_word' id='word_1_221' title='bbox 472 2496 541 2555; x_wconf 89' lang='lat' dir='ltr'>LIX</span> <span class='ocrx_word' id='word_1_222' title='bbox 551 2487 618 2577; x_wconf 83' lang='lat' dir='ltr'>sq.),</span> <span class='ocrx_word' id='word_1_223' title='bbox 642 2495 794 2554; x_wconf 86' lang='lat' dir='ltr'>interdum</span> <span class='ocrx_word' id='word_1_224' title='bbox 816 2495 937 2554; x_wconf 86' lang='lat' dir='ltr'>litterae</span> <span class='ocrx_word' id='word_1_225' title='bbox 957 2493 980 2555; x_wconf 83' lang='lat'>0</span> <span class='ocrx_word' id='word_1_226' title='bbox 999 2495 1076 2556; x_wconf 91' lang='lat' dir='ltr'>hano</span> 
     </span>
     <span class='ocr_line' id='line_1_27' title="bbox 58 2576 1075 2667; baseline 0.002 -24"><span class='ocrx_word' id='word_1_227' title='bbox 58 2584 237 2645; x_wconf 81' lang='lat' dir='ltr'>formamII</span> <span class='ocrx_word' id='word_1_228' title='bbox 267 2576 475 2667; x_wconf 72' lang='lat' dir='ltr'>servavisse3).</span> <span class='ocrx_word' id='word_1_229' title='bbox 524 2585 549 2642; x_wconf 89' lang='lat' dir='ltr'>I</span> <span class='ocrx_word' id='word_1_230' title='bbox 551 2585 608 2645; x_wconf 73' lang='lat' dir='ltr'>Ua</span> <span class='ocrx_word' id='word_1_231' title='bbox 630 2587 733 2643; x_wconf 91' lang='lat' dir='ltr'>autem</span> <span class='ocrx_word' id='word_1_232' title='bbox 757 2604 775 2643; x_wconf 91' lang='lat' dir='ltr'>a</span> <span class='ocrx_word' id='word_1_233' title='bbox 798 2585 893 2645; x_wconf 76' lang='lat' dir='ltr'>Lon</span> <span class='ocrx_word' id='word_1_234' title='bbox 914 2604 974 2644; x_wconf 90' lang='lat' dir='ltr'>non</span> <span class='ocrx_word' id='word_1_235' title='bbox 997 2587 1075 2645; x_wconf 91' lang='lat' dir='ltr'>mul·</span> 
     </span>
     <span class='ocr_line' id='line_1_28' title="bbox 58 2672 724 2751; baseline 0 -19"><span class='ocrx_word' id='word_1_236' title='bbox 58 2679 125 2732; x_wconf 86' lang='lat' dir='ltr'>tum</span> <span class='ocrx_word' id='word_1_237' title='bbox 150 2672 256 2732; x_wconf 88' lang='lat' dir='ltr'>abesse</span> <span class='ocrx_word' id='word_1_238' title='bbox 280 2672 348 2750; x_wconf 89' lang='lat' dir='ltr'>quis</span> <span class='ocrx_word' id='word_1_239' title='bbox 372 2674 494 2751; x_wconf 87' lang='lat' dir='ltr'>estqui</span> <span class='ocrx_word' id='word_1_240' title='bbox 517 2693 577 2734; x_wconf 90' lang='lat' dir='ltr'>non</span> <span class='ocrx_word' id='word_1_241' title='bbox 600 2672 724 2735; x_wconf 83' lang='lat' dir='ltr'>rideat?</span> 
     </span>
    </p>
   </div>
   <div class='ocr_carea' id='block_1_3' title="bbox 59 2859 1076 3645">
    <p class='ocr_par' dir='ltr' id='par_1_12' title="bbox 59 2859 1076 3218">
     <span class='ocr_line' id='line_1_29' title="bbox 132 2859 1076 2932; baseline 0 -18"><span class='ocrx_word' id='word_1_242' title='bbox 132 2864 159 2930; x_wconf 87' lang='lat'>1)</span> <span class='ocrx_word' id='word_1_243' title='bbox 177 2877 204 2914; x_wconf 86' lang='lat' dir='ltr'>v.</span> <span class='ocrx_word' id='word_1_244' title='bbox 223 2860 253 2914; x_wconf 90' lang='lat' dir='ltr'>P.</span> <span class='ocrx_word' id='word_1_245' title='bbox 268 2859 403 2914; x_wconf 87' lang='lat' dir='ltr'>Manitius</span> <span class='ocrx_word' id='word_1_246' title='bbox 427 2860 457 2914; x_wconf 90' lang='lat' dir='ltr'>in</span> <span class='ocrx_word' id='word_1_247' title='bbox 483 2863 589 2915; x_wconf 84' lang='lat' dir='ltr'>‘museo</span> <span class='ocrx_word' id='word_1_248' title='bbox 607 2861 755 2916; x_wconf 84' lang='lat' dir='ltr'>Rhenano&#39;</span> <span class='ocrx_word' id='word_1_249' title='bbox 776 2861 876 2916; x_wconf 87' lang='lat' dir='ltr'>XLVII</span> <span class='ocrx_word' id='word_1_250' title='bbox 896 2865 986 2931; x_wconf 77' lang='lat'>(1892)</span> <span class='ocrx_word' id='word_1_251' title='bbox 1011 2879 1076 2932; x_wconf 87' lang='lat' dir='ltr'>snp-</span> 
     </span>
     <span class='ocr_line' id='line_1_30' title="bbox 76 2934 374 2989; baseline -0.017 0"><span class='ocrx_word' id='word_1_252' title='bbox 76 2934 141 2989; x_wconf 86' lang='lat' dir='ltr'>lem.</span> <span class='ocrx_word' id='word_1_253' title='bbox 183 2937 247 2986; x_wconf 79' lang='grc'>.72.</span> <span class='ocrx_word' id='word_1_254' title='bbox 372 2955 374 2961; x_wconf 96' lang='grc'><strong><em>·</em></strong></span> 
     </span>
     <span class='ocr_line' id='line_1_31' title="bbox 59 2950 1074 3075; baseline -0.001 -18"><span class='ocrx_word' id='word_1_255' title='bbox 59 2951 76 3002; x_wconf 68' lang='lat' dir='ltr'><strong>p</strong></span> <span class='ocrx_word' id='word_1_256' title='bbox 130 2950 373 3075; x_wconf 60' lang='lat' dir='ltr'>epaohmidinger</span> <span class='ocrx_word' id='word_1_257' title='bbox 390 3002 408 3056; x_wconf 92' lang='lat' dir='ltr'>l.</span> <span class='ocrx_word' id='word_1_258' title='bbox 429 3019 451 3057; x_wconf 87' lang='lat' dir='ltr'>e.</span> <span class='ocrx_word' id='word_1_259' title='bbox 471 3022 497 3072; x_wconf 86' lang='lat' dir='ltr'>p.</span> <span class='ocrx_word' id='word_1_260' title='bbox 514 3009 563 3058; x_wconf 79' lang='grc'>781</span> <span class='ocrx_word' id='word_1_261' title='bbox 573 3021 613 3072; x_wconf 87' lang='lat' dir='ltr'>sq.</span> <span class='ocrx_word' id='word_1_262' title='bbox 629 3004 702 3058; x_wconf 76' lang='grc' dir='ltr'>ΝΕ</span> <span class='ocrx_word' id='word_1_263' title='bbox 716 3020 750 3057; x_wconf 86' lang='lat' dir='ltr'>ex</span> <span class='ocrx_word' id='word_1_264' title='bbox 764 3004 813 3058; x_wconf 90' lang='lat' dir='ltr'>IV</span> <span class='ocrx_word' id='word_1_265' title='bbox 823 3006 890 3059; x_wconf 75' lang='lat' dir='ltr'>libri</span> <span class='ocrx_word' id='word_1_266' title='bbox 903 3007 995 3058; x_wconf 85' lang='lat' dir='ltr'>ortum</span> <span class='ocrx_word' id='word_1_267' title='bbox 1013 3020 1074 3057; x_wconf 87' lang='lat' dir='ltr'>esse</span> 
     </span>
     <span class='ocr_line' id='line_1_32' title="bbox 59 3074 1075 3145; baseline -0.003 -15"><span class='ocrx_word' id='word_1_268' title='bbox 59 3079 154 3145; x_wconf 85' lang='lat' dir='ltr'>putat,</span> <span class='ocrx_word' id='word_1_269' title='bbox 174 3074 225 3128; x_wconf 86' lang='lat' dir='ltr'>sed</span> <span class='ocrx_word' id='word_1_270' title='bbox 244 3075 281 3129; x_wconf 88' lang='lat' dir='ltr'>ab</span> <span class='ocrx_word' id='word_1_271' title='bbox 298 3074 328 3128; x_wconf 84' lang='lat' dir='ltr'>F.</span> <span class='ocrx_word' id='word_1_272' title='bbox 348 3074 468 3129; x_wconf 84' lang='lat' dir='ltr'>Ruehlio</span> <span class='ocrx_word' id='word_1_273' title='bbox 490 3074 632 3129; x_wconf 82' lang='lat' dir='ltr'>refutatur</span> <span class='ocrx_word' id='word_1_274' title='bbox 650 3074 800 3145; x_wconf 82' lang='lat' dir='ltr'>(‘Berliner</span> <span class='ocrx_word' id='word_1_275' title='bbox 817 3075 914 3145; x_wconf 90' lang='lat' dir='ltr'>philol.</span> <span class='ocrx_word' id='word_1_276' title='bbox 935 3074 1075 3129; x_wconf 88' lang='lat' dir='ltr'>Woohen-</span> 
     </span>
     <span class='ocr_line' id='line_1_33' title="bbox 60 3145 489 3218; baseline 0 -17"><span class='ocrx_word' id='word_1_277' title='bbox 60 3146 171 3203; x_wconf 76' lang='lat' dir='ltr'>sohrist’</span> <span class='ocrx_word' id='word_1_278' title='bbox 192 3145 243 3200; x_wconf 90' lang='lat' dir='ltr'>XV</span> <span class='ocrx_word' id='word_1_279' title='bbox 262 3147 357 3218; x_wconf 76' lang='lat'>[1895]</span> <span class='ocrx_word' id='word_1_280' title='bbox 377 3164 403 3216; x_wconf 92' lang='lat' dir='ltr'>p.</span> <span class='ocrx_word' id='word_1_281' title='bbox 420 3149 489 3214; x_wconf 78' lang='lat'>237).</span> 
     </span>
    </p>

    <p class='ocr_par' dir='ltr' id='par_1_13' title="bbox 59 3217 1076 3645">
     <span class='ocr_line' id='line_1_34' title="bbox 130 3217 1075 3288; baseline -0.001 -16"><span class='ocrx_word' id='word_1_282' title='bbox 130 3222 158 3288; x_wconf 84' lang='grc'>3)</span> <span class='ocrx_word' id='word_1_283' title='bbox 177 3236 204 3287; x_wconf 91' lang='lat' dir='ltr'>p.</span> <span class='ocrx_word' id='word_1_284' title='bbox 221 3223 276 3285; x_wconf 58' lang='lat' dir='ltr'>aa</span> <span class='ocrx_word' id='word_1_285' title='bbox 295 3217 323 3270; x_wconf 88' lang='lat' dir='ltr'>N</span> <span class='ocrx_word' id='word_1_286' title='bbox 340 3217 411 3271; x_wconf 88' lang='lat' dir='ltr'>haee</span> <span class='ocrx_word' id='word_1_287' title='bbox 434 3217 533 3272; x_wconf 87' lang='lat' dir='ltr'>habet:</span> <span class='ocrx_word' id='word_1_288' title='bbox 556 3217 1075 3274; x_wconf 72' lang='lat' dir='ltr'>AREGE·ROMVnIN13ESaro:</span> 
     </span>
     <span class='ocr_line' id='line_1_35' title="bbox 59 3288 1072 3360; baseline -0.001 -17"><span class='ocrx_word' id='word_1_289' title='bbox 59 3308 84 3359; x_wconf 91' lang='lat' dir='ltr'>p.</span> <span class='ocrx_word' id='word_1_290' title='bbox 100 3295 175 3358; x_wconf 80' lang='lat'>17,6</span> <span class='ocrx_word' id='word_1_291' title='bbox 204 3288 434 3344; x_wconf 79' lang='lat' dir='ltr'><strong><em>ETRVSEVM</em></strong></span> <span class='ocrx_word' id='word_1_292' title='bbox 454 3289 495 3358; x_wconf 78' lang='grc'>(1]</span> <span class='ocrx_word' id='word_1_293' title='bbox 516 3292 641 3344; x_wconf 87' lang='lat' dir='ltr'>eorreota</span> <span class='ocrx_word' id='word_1_294' title='bbox 663 3306 697 3343; x_wconf 83' lang='lat' dir='ltr'>ex</span> <span class='ocrx_word' id='word_1_295' title='bbox 722 3290 756 3360; x_wconf 82' lang='lat' dir='ltr'>O)</span> <span class='ocrx_word' id='word_1_296' title='bbox 780 3289 912 3354; x_wconf 56' lang='lat' dir='ltr'>Rana</span> <span class='ocrx_word' id='word_1_297' title='bbox 947 3306 975 3356; x_wconf 87' lang='lat' dir='ltr'>p.</span> <span class='ocrx_word' id='word_1_298' title='bbox 995 3293 1072 3357; x_wconf 78' lang='lat'>21,1</span> 
     </span>
     <span class='ocr_line' id='line_1_36' title="bbox 61 3359 1075 3417; baseline -0.001 -1"><span class='ocrx_word' id='word_1_299' title='bbox 61 3360 466 3417; x_wconf 62' lang='lat' dir='ltr'>hemmerannum</span> <span class='ocrx_word' id='word_1_300' title='bbox 484 3362 553 3415; x_wconf 90' lang='lat' dir='ltr'>nota</span> <span class='ocrx_word' id='word_1_301' title='bbox 572 3363 614 3414; x_wconf 87' lang='lat' dir='ltr'>eat</span> <span class='ocrx_word' id='word_1_302' title='bbox 633 3360 731 3415; x_wconf 87' lang='lat' dir='ltr'>eadem</span> <span class='ocrx_word' id='word_1_303' title='bbox 750 3360 862 3414; x_wconf 87' lang='lat' dir='ltr'>litterae</span> <span class='ocrx_word' id='word_1_304' title='bbox 881 3363 909 3412; x_wconf 88' lang='grc' dir='ltr'><em>Σ</em></span> <span class='ocrx_word' id='word_1_305' title='bbox 925 3359 1015 3413; x_wconf 87' lang='lat' dir='ltr'>forma</span> <span class='ocrx_word' id='word_1_306' title='bbox 1040 3377 1075 3415; x_wconf 82' lang='lat' dir='ltr'>ex</span> 
     </span>
     <span class='ocr_line' id='line_1_37' title="bbox 59 3429 1074 3501; baseline -0.002 -13"><span class='ocrx_word' id='word_1_307' title='bbox 59 3433 240 3488; x_wconf 81' lang='lat' dir='ltr'>Hadrianeae</span> <span class='ocrx_word' id='word_1_308' title='bbox 254 3430 358 3486; x_wconf 84' lang='lat' dir='ltr'>aetatis</span> <span class='ocrx_word' id='word_1_309' title='bbox 371 3431 464 3485; x_wconf 83' lang='lat' dir='ltr'>titulis</span> <span class='ocrx_word' id='word_1_310' title='bbox 480 3431 601 3486; x_wconf 78' lang='lat' dir='ltr'>Graecis.</span> <span class='ocrx_word' id='word_1_311' title='bbox 626 3448 797 3501; x_wconf 88' lang='lat' dir='ltr'>quamquam</span> <span class='ocrx_word' id='word_1_312' title='bbox 811 3432 906 3485; x_wconf 87' lang='lat' dir='ltr'>autem</span> <span class='ocrx_word' id='word_1_313' title='bbox 920 3429 950 3483; x_wconf 92' lang='lat' dir='ltr'>in</span> <span class='ocrx_word' id='word_1_314' title='bbox 964 3430 1074 3486; x_wconf 87' lang='lat' dir='ltr'>Latinis</span> 
     </span>
     <span class='ocr_line' id='line_1_38' title="bbox 60 3501 1074 3572; baseline 0 -14"><span class='ocrx_word' id='word_1_315' title='bbox 60 3505 158 3560; x_wconf 88' lang='lat' dir='ltr'>eodem</span> <span class='ocrx_word' id='word_1_316' title='bbox 176 3506 304 3572; x_wconf 88' lang='lat' dir='ltr'>tempore</span> <span class='ocrx_word' id='word_1_317' title='bbox 327 3501 433 3571; x_wconf 79' lang='lat' dir='ltr'>incisis,</span> <span class='ocrx_word' id='word_1_318' title='bbox 453 3503 528 3571; x_wconf 87' lang='lat' dir='ltr'>quod</span> <span class='ocrx_word' id='word_1_319' title='bbox 547 3503 642 3572; x_wconf 86' lang='lat' dir='ltr'>seiam,</span> <span class='ocrx_word' id='word_1_320' title='bbox 665 3501 874 3570; x_wconf 71' lang='lat' dir='ltr'>nosocomii,</span> <span class='ocrx_word' id='word_1_321' title='bbox 898 3504 995 3555; x_wconf 85' lang='lat' dir='ltr'>tamen</span> <span class='ocrx_word' id='word_1_322' title='bbox 1012 3503 1074 3558; x_wconf 89' lang='lat' dir='ltr'>fieri</span> 
     </span>
     <span class='ocr_line' id='line_1_39' title="bbox 59 3573 1076 3645; baseline -0.002 -14"><span class='ocrx_word' id='word_1_323' title='bbox 59 3579 152 3644; x_wconf 82' lang='lat' dir='ltr'>potest</span> <span class='ocrx_word' id='word_1_324' title='bbox 171 3578 205 3630; x_wconf 89' lang='lat' dir='ltr'>ut</span> <span class='ocrx_word' id='word_1_325' title='bbox 222 3573 261 3629; x_wconf 90' lang='lat' dir='ltr'>ab</span> <span class='ocrx_word' id='word_1_326' title='bbox 275 3573 337 3644; x_wconf 81' lang='lat' dir='ltr'>ipso</span> <span class='ocrx_word' id='word_1_327' title='bbox 350 3573 427 3628; x_wconf 78' lang='lat' dir='ltr'>rlori</span> <span class='ocrx_word' id='word_1_328' title='bbox 441 3575 617 3644; x_wconf 79' lang='lat' dir='ltr'>autographo</span> <span class='ocrx_word' id='word_1_329' title='bbox 632 3574 769 3645; x_wconf 82' lang='lat' dir='ltr'>originem</span> <span class='ocrx_word' id='word_1_330' title='bbox 784 3573 877 3627; x_wconf 87' lang='lat' dir='ltr'>ducat.</span> <span class='ocrx_word' id='word_1_331' title='bbox 906 3589 973 3627; x_wconf 90' lang='lat' dir='ltr'>nam</span> <span class='ocrx_word' id='word_1_332' title='bbox 987 3573 1076 3630; x_wconf 88' lang='lat' dir='ltr'>aliam</span> 
     </span>
    </p>
   </div>
   <div class='ocr_carea' id='block_1_4' title="bbox 0 0 1172 3922">
    <p class='ocr_par' dir='ltr' id='par_1_14' title="bbox 0 0 1172 3922">
     <span class='ocr_line' id='line_1_40' title="bbox 0 0 1172 3922; baseline 0 0"><span class='ocrx_word' id='word_1_333' title='bbox 0 0 1172 3922; x_wconf 95' lang='lat' dir='ltr'> </span> 
     </span>
    </p>
   </div>
  </div>
 </body>
</html>
