2334 3922
104 157 149 220 84
469 156 580 208 FLORI
597 155 758 208 EPITOMA

105 329 234 383 aetatem
261 320 505 400 transmarinam,
536 337 624 397 quam
652 318 847 379 ducentorum
875 336 1021 379 annorum
1049 319 1120 379 leci-

105 428 185 489 mus,
214 408 337 488 diridat,
366 414 485 468 centum
507 407 563 467 hos
585 408 717 485 priores,
740 406 849 486 quibus
872 406 1002 467 Africam
1024 407 1120 468 Mace-

106 497 237 578 doniam,
266 496 398 556 Siciliam
421 495 593 574 Hispaniam
616 495 744 575 domuit,
770 513 890 576 aureos,
914 497 993 556 sicut
1014 504 1121 574 poetae

70 600 87 647 3
107 592 226 667 canunt,
249 587 315 645 iure
338 587 504 662 meritoque
528 584 663 664 fateatur,
687 590 807 644 centum
827 591 988 663 sequentes
1006 585 1121 645 ferreos
1152 654 1154 659 ¹

25 735 26 738 ,
105 674 192 753 plane
216 681 246 734 et
269 681 418 753 cruentos,
441 679 472 732 et
495 672 593 751 siquid
616 674 774 733 inmanius.
812 674 922 751 quippe
946 675 998 750 qui
1016 672 1121 751 lugur-
1147 685 1158 726 s

106 763 198 823 thinis
218 761 375 823 Cimbricis
395 760 604 821 Mithridaticis
622 759 767 821 Parthicis
785 762 920 840 piraticis
939 759 1036 841 bellis,
1056 760 1122 821 Gal-

105 851 173 912 licis
188 860 275 930 atque
291 848 485 929 Germanicis,
504 847 612 927 quibus
627 848 742 909 caelum
756 852 856 928 ipsum
870 849 963 926 gloria
978 850 1122 929 ascendit,

107 939 293 999 Gracchanas
325 937 546 1016 Drusianasque
579 937 699 1017 caedeS,
735 937 772 997 ad
803 937 860 997 hoc
892 936 1013 998 servilia
1045 937 1122 998 bella

71 1040 88 1087 4
107 1029 284 1088 miscuerint
307 1036 344 1106 et,
368 1044 405 1087 ne
430 1027 494 1104 quit
512 1023 691 1104 turpitudini
710 1025 796 1106 desit,
819 1024 1000 1103 gladiatoria.
1038 1026 1122 1086 deni-

108 1134 165 1194 que
196 1118 283 1175 inse
307 1117 371 1193 ipse
396 1132 557 1174 conversus
579 1112 718 1174 Marianis
742 1121 830 1192 atque
854 1113 995 1194 Syllanis,
1023 1117 1163 1174 novis-1⁰

109 1205 184 1262 sime
211 1202 334 1281 Pompei
367 1210 396 1262 et
424 1201 559 1262 Caesaris
587 1201 724 1262 manibus
757 1204 842 1280 quasi
869 1219 925 1280 per
951 1201 1066 1262 rabiem
1094 1210 1125 1262 et

74 1291 242 1352 olurorem
271 1325 312 1332 —
341 1291 424 1350 nefas
452 1323 494 1331 —
524 1298 619 1350 semet
654 1292 719 1369 ipse
755 1289 904 1350 laceravit.
957 1309 1032 1368 quae
1066 1293 1125 1350 etsi

109 1382 210 1440 iuncta
242 1381 321 1439 inter
354 1397 386 1438 se
419 1386 488 1438 sunt
519 1381 619 1439 omnia
650 1385 738 1456 atque
769 1378 905 1458 conlusa,
936 1385 1036 1438 tamen
1064 1397 1124 1458 quo

108 1467 215 1528 melius
234 1474 404 1547 appareant,
423 1465 512 1526 simul
531 1472 560 1526 et
578 1485 616 1527 ne
636 1466 749 1527 scelera
762 1465 924 1526 virtutibus
939 1466 1124 1547 obstrepant,

109 1558 268 1634 separatim
291 1555 472 1635 referentur,
495 1557 653 1635 priusque,
676 1561 710 1614 ut
733 1557 894 1636 coepimus,
917 1556 995 1615 iusta
1018 1554 1068 1615 illa
1093 1562 1124 1616 et
1139 1567 1164 1607 1⁵

108 1645 157 1722 pia
185 1661 253 1703 cum
280 1646 390 1703 exteris
419 1641 557 1722 gentibus
580 1642 657 1703 bella
680 1642 925 1724 memorabimus,
953 1650 986 1703 ut
1009 1646 1125 1721 magni-

109 1731 180 1791 tudo
213 1734 377 1791 crescentis
408 1733 440 1790 in
473 1731 537 1791 dies
569 1733 689 1810 imperii
722 1738 876 1811 appareat,
908 1738 972 1791 tum
1005 1732 1041 1791 ad
1073 1731 1126 1792 illa

109 1821 219 1879 civium
243 1819 355 1879 scelera
378 1826 541 1898 turpesque
565 1827 595 1880 et
617 1821 723 1899 impias
745 1837 860 1898 pugnas
883 1828 1077 1880 revertemur.

182 2028 198 2076 3
217 2022 340 2079 siciliam
358 2042 408 2080 osu.
428 2025 456 2078 Β
476 2023 586 2093 Syriam
603 2025 722 2080 Iulma'us
746 2026 750 2094 l
775 2023 937 2094 hispaniam
954 2041 1004 2080 om.
1023 2026 1052 2080 Β
1074 2028 1084 2094 ΙΙ
1109 2032 1124 2079 5

110 2093 199 2163 siquit
222 2097 245 2166 (t
266 2097 298 2151 iu
321 2095 340 2148 d
362 2097 480 2152 mutauit
501 2113 535 2150 m.
555 2098 583 2164 1)
602 2096 630 2149 Β
655 2098 660 2165 1
684 2094 835 2149 immunim
858 2097 990 2164 (patorem
1007 2113 1036 2150 m
1054 2099 1088 2151 iu
1105 2114 1126 2150 n

110 2168 228 2222 mutauit
255 2185 288 2222 m.
313 2169 340 2237 1)
367 2169 395 2222 Β
422 2165 573 2220 immanius
599 2167 634 2221 N
656 2165 798 2220 inmanius
826 2168 974 2236 (posterior
1000 2166 1012 2219 i
1037 2183 1126 2236 supra

110 2239 225 2307 versura)
253 2236 280 2289 L
308 2239 314 2308 Ι
343 2237 447 2308 quippe
476 2239 516 2292 bis
542 2237 583 2306 Β,
612 2238 659 2292 sect
682 2239 820 2307 posteriue
847 2254 955 2292 erasum
983 2239 987 2307 l
1019 2237 1125 2306 quipe

111 2306 214 2375 quibus
238 2308 370 2363 Halmius
392 2309 471 2375 iufra
493 2324 526 2362 ece
543 2308 571 2361 Β
593 2315 698 2377 recepto
720 2306 865 2362 miscuerit
890 2310 894 2376 Ι
919 2307 968 2376 qui
987 2339 1020 2347 -
1040 2308 1076 2362 be
1103 2308 1125 2361 's

111 2393 160 2446 ga·
192 2381 266 2433 tuter
297 2381 469 2435 scribendum
500 2380 531 2432 tu
562 2395 663 2434 rasura
688 2379 716 2431 Β
746 2380 750 2447 Ι
779 2377 950 2448 iugauthinis
982 2379 1012 2447 (h
1038 2395 1126 2447 supra

109 2451 227 2517 uersum)
254 2449 282 2502 Β
310 2448 481 2518 iugtuthinis
510 2448 540 2517 (h
566 2467 600 2505 m.
625 2456 641 2503 1
669 2466 756 2518 supra
782 2452 899 2518 uersum)
924 2449 957 2502 N
975 2451 985 2518 ΙΙ
1008 2455 1024 2502 6
1049 2449 1126 2518 pirn-

111 2515 176 2570 ticis
204 2533 254 2572 om.
280 2518 304 2573 0
327 2521 418 2575 nescio
446 2536 484 2574 au
510 2536 582 2587 cere,
606 2525 671 2588 post
692 2519 833 2574 Parthicis
857 2521 952 2588 posuit
974 2520 1094 2574 Iahnius
1120 2522 1124 2590 l

108 2593 174 2656 post
200 2587 285 2642 bellis
314 2591 456 2657 locustum,
483 2607 538 2658 que
560 2592 625 2646 boec
646 2591 703 2658 fere
725 2592 819 2646 uerba:
848 2589 950 2658 quibus
974 2606 1053 2643 arma
1075 2606 1127 2660 per

112 2656 209 2711 orbem
231 2659 369 2743 terrarum
392 2658 566 2744 circumtulit
587 2662 687 2746 boceto
705 2677 759 2716 csse
773 2662 990 2742 putotffltotuit
1009 2662 1125 2716 Momm·

112 2744 203 2868 ild]
220 2735 441 2869 taddltttl
456 2732 1128 2883 ttlltlltttbdttutttttttttt

24 2873 28 2881 “
113 2869 232 2924 Sathoc
251 2871 285 2924 N
303 2873 313 2940 ΙΙ
336 2871 515 2926 smisouerit
532 2873 560 2926 Β
585 2875 588 2942 Ι
613 2873 719 2942 nequid
737 2873 765 2926 L
789 2875 793 2942 Ι
817 2872 987 2942 turpitudini
1005 2875 1127 2942 (tectim

113 2948 232 2996 correcta
251 2958 286 2997 cc
304 2944 330 3011 a)
348 2944 376 2997 Β
396 2944 405 3013 ΙΙ
427 2948 461 2997 10
480 2942 590 2998 sillanis
608 2945 637 2998 Β
651 2947 660 3014 ΙΙ
677 2950 707 2998 11
728 2946 757 2998 et
775 2950 838 2999 mate
855 2943 936 2997 nefas
955 2945 1019 2998 add.
1042 2943 1128 2999 Ohei

112 3010 193 3065 nefas
211 3012 359 3068 Acidalius
381 3015 390 3082 ll
414 3019 447 3067 12
467 3013 527 3086 Qup
546 3013 600 3068 etsi
618 3015 645 3068 L
668 3015 741 3071 Voss.
761 3014 843 3083 quasi
860 3015 888 3068 Β
907 3013 996 3083 quasi
1014 3014 1048 3068 N
1062 3015 1071 3082 ll
1093 3019 1126 3067 13

114 3080 306 3152 interpediunt
332 3082 427 3138 omnia
451 3086 479 3139 Β
506 3087 515 3154 ΙΙ
544 3090 577 3138 15
606 3084 760 3156 separatim
788 3085 837 3154 (im
863 3104 898 3140 ut.
924 3091 940 3140 1
967 3087 1000 3139 tu
1026 3101 1128 3139 rasura

112 3160 242 3221 puouuor
259 3157 301 3210 oet
319 3157 438 3225 quiaque
457 3157 621 3226 litterarum)
640 3157 668 3209 Β
685 3159 689 3225 l
704 3155 891 3226 perferentur:
910 3172 978 3211 corr.
995 3155 1128 3210 Halmius

112 3224 289 3307 proferentur
311 3226 397 3351 Repvd.
421 3228 431 3296 ll
455 3231 488 3280 16
512 3228 638 3282 extessss
662 3228 759 3296 (supro
781 3244 909 3282 rasuram
927 3226 952 3279 ri
970 3244 1004 3280 m.
1024 3228 1052 3296 1)
1071 3226 1106 3281 N
1122 3226 1125 3295 l

113 3310 330 3351 memorammus
