2334 3922
438 188 476 256 11,
497 193 530 242 13
548 189 622 258 (nn,
641 192 676 258 2).
1000 189 1062 253 141

50 359 216 437 exercitus,
239 364 269 416 et
292 358 323 416 in
345 356 393 415 his
417 353 497 414 orbis
521 357 679 435 imperium
703 360 843 418 societate
867 359 959 417 trium
981 359 1063 436 prin-

52 452 154 528 cipum
182 453 351 524 occupatur.
397 445 500 504 decem
528 462 621 504 annos
648 449 738 506 traxit
760 449 817 506 ista
841 447 1002 506 dominatio
1027 465 1063 507 ex
1084 455 1116 504 13

52 538 125 617 fide,
158 538 227 614 quia
259 541 362 594 mutuo
390 540 472 594 metu
499 533 685 594 tenebantur.
736 534 835 596 Crassi
863 542 957 595 morte
987 536 1064 614 apud

52 625 178 687 Parthos
201 632 232 684 et
253 631 348 684 morte
371 622 471 703 luliae,
494 622 629 683 Caesaris
653 623 743 705 tiliae,
767 643 842 703 quae
865 631 957 704 nupta
979 623 1065 684 Pom-

28 717 122 795 speio
146 715 249 792 generi
272 715 427 790 socerique
450 711 638 772 concordiam
658 716 839 773 matrimonii
857 714 977 774 foedere
996 732 1066 773 cou-

53 803 181 883 tinebat,
209 804 308 862 statim
331 800 488 862 aemulatio
512 803 618 880 erupit.
664 804 723 862 iam
745 802 886 882 Pompeio
910 811 1065 881 suspectae
1086 813 1120 861 14

55 893 193 954 Caesaris
217 909 287 970 opes
311 898 341 950 et
363 889 483 950 Caesari
505 889 683 969 Pompeiana
707 884 835 971 dignitas
859 894 964 971 gravis.
1010 909 1066 951 nec

54 983 104 1043 ille
134 978 248 1040 ferebat
274 998 389 1059 parem,
417 998 471 1039 nec
498 979 548 1039 hic
576 983 770 1058 superiorem.
816 999 869 1060 pro
900 978 994 1040 netas!
1023 982 1066 1040 sic

56 1073 93 1132 de
131 1071 300 1148 principatu
333 1066 516 1148 laborabant,
552 1076 701 1147 tamquam
735 1070 810 1130 duos
841 1072 918 1129 tanti
949 1071 1068 1148 imperii

16 1182 42 1222 ro
57 1161 177 1220 fortuna
199 1176 259 1218 non
282 1164 409 1236 caperet.
446 1175 517 1235 ergo
535 1156 660 1218 Lentulo
679 1158 877 1237 Marcelloque
897 1157 1068 1219 consulibus
1089 1167 1122 1218 15

57 1254 145 1328 rupta
172 1249 268 1326 primo
294 1248 508 1306 coniurationis
531 1247 613 1307 tides.
660 1247 696 1307 de
720 1250 910 1308 successione
934 1246 1069 1308 Caesaris

58 1344 193 1416 senatus,
220 1336 250 1395 id
278 1341 324 1396 est
347 1335 503 1413 Pompeius
532 1335 672 1417 agitabat,
699 1355 755 1396 nec
783 1336 832 1396 ille
856 1336 1015 1416 abnuebat,
1044 1338 1070 1396 si

58 1429 134 1488 ratio
172 1427 220 1485 sui
255 1426 400 1504 proximis
432 1426 561 1484 comitiis
594 1425 761 1485 haberetur.
817 1425 987 1486 consulatus
1020 1424 1069 1484 ab·
1091 1437 1123 1487 te

59 1517 147 1594 senti,
174 1532 263 1593 quem
286 1513 389 1574 decem
412 1513 525 1573 tribuni
547 1513 663 1574 favente
686 1514 827 1593 Pompeio
850 1533 946 1593 nuper
969 1514 1071 1574 decre·

19 1625 45 1666 rs
60 1611 176 1684 verant,
212 1610 276 1663 tum
308 1602 513 1663 dissimulante
546 1603 651 1664 eodem
682 1604 858 1682 negabatur:
895 1605 1010 1664 veniret
1043 1609 1073 1663 et

60 1699 177 1774 peteret
204 1710 286 1751 more
314 1694 467 1751 maiorum,
513 1690 561 1751 ille
591 1700 692 1752 contra
721 1692 854 1771 flagitare
878 1693 1011 1772 decreta,
1038 1710 1072 1751 ao
1093 1704 1125 1754 1⁷

60 1784 120 1843 nisi
153 1783 184 1841 iu
217 1780 274 1840 fide
306 1787 528 1861 permanerent,
560 1799 620 1841 non
653 1800 685 1843 se
717 1784 869 1842 remittere
899 1784 1072 1842 exercitum.

62 1889 133 1950 ergo
156 1872 244 1931 utin
267 1869 383 1930 bostem
407 1870 585 1930 decernitur.
622 1871 670 1930 his
694 1869 802 1931 Caesar
825 1873 951 1949 agitatus
971 1872 1074 1930 statuit

61 1962 193 2041 praemia
217 1977 367 2019 armorum
391 1961 480 2018 armis
505 1958 673 2020 defendere.

20 2070 48 2111 so
129 2048 228 2108 Prima
247 2046 342 2108 civilis
361 2046 431 2107 belli
449 2047 559 2108 harena
577 2048 660 2108 ltalia
679 2048 744 2128 fuit,
763 2050 848 2109 cuius
862 2065 946 2107 arces
961 2045 1074 2107 levibus
1097 2061 1128 2110 18

61 2134 208 2219 praesidis
231 2136 390 2215 Pompeius
418 2137 581 2218 insederat,
610 2137 660 2198 sed
690 2139 789 2197 omnia
816 2136 913 2196 subito
941 2134 1075 2195 Caesaris

61 2231 176 2307 impetu
204 2243 346 2305 oppressa
374 2233 450 2285 sunt.
496 2228 592 2304 prima
619 2227 752 2285 Arimino
781 2228 863 2303 signa
893 2227 1075 2285 cecinerunt.
1096 2239 1129 2289 19

135 2420 148 2468 1
169 2417 198 2469 et
218 2413 249 2468 in
266 2414 312 2467 his
329 2415 357 2469 Β
376 2417 405 2469 et
423 2414 481 2468 iam
499 2413 539 2468 sic
558 2415 592 2468 N
607 2414 695 2469 etiarn
714 2413 754 2468 sic
768 2414 795 2467 L
813 2431 851 2468 aa
869 2415 898 2467 et
914 2412 972 2537 gin]
990 2412 1078 2484 111εὲ1)

63 2495 79 2542 2
91 2486 192 2540 exinde
202 2485 337 2554 quoniam
348 2485 377 2554 0,
390 2493 453 2542 cta.
463 2503 500 2541 cs.
511 2491 544 2540 11
555 2493 581 2540 ct
590 2491 626 2540 17
635 2502 670 2540 ex
682 2486 737 2539 fide
748 2486 777 2538 et
786 2484 853 2553 quia
862 2487 903 2540 oct
934 2483 1078 2553 eminetis,

64 2558 133 2628 quia
152 2589 186 2597 -
205 2557 382 2612 tenebantur.
403 2557 504 2612 exinde
522 2556 635 2612 Crassi?
657 2560 666 2622 ll
687 2564 705 2611 4
724 2558 820 2626 partos
840 2558 866 2611 L
887 2556 891 2627 Ι
913 2558 941 2610 et
959 2573 1009 2611 om.
1024 2556 1052 2610 B
1074 2568 1077 2627 ξ

64 2627 188 2684 caesaris
208 2630 302 2696 (caesa
314 2647 347 2682 ac.
363 2635 379 2683 1
394 2631 426 2683 tn
440 2631 550 2698 rosana)
565 2629 599 2682 N
615 2631 619 2698 Ι
639 2627 752 2697 filisque
766 2629 793 2681 L
811 2630 820 2695 ΙΙ
838 2637 854 2682 5
869 2627 980 2698 generis
995 2629 1019 2697 (s
1034 2645 1079 2682 eac·

60 2702 168 2771 procerit
185 2716 220 2753 m.
236 2701 264 2768 1)
283 2700 316 2753 N
334 2705 337 2762 Ι
359 2699 501 2768 socerique
521 2703 547 2769 (o
566 2708 687 2755 correcta
704 2717 738 2754 ecc
756 2701 781 2768 e)
796 2700 822 2753 L
842 2699 847 2772 1
866 2699 1007 2769 phoedere
1025 2700 1054 2753 Β
1074 2700 1078 2772 l

63 2771 182 2826 tenebat
207 2770 231 2825 0
249 2772 259 2840 ΙΙ
283 2777 297 2824 i
322 2772 351 2825 et
374 2771 478 2826 cesaris
496 2771 523 2825 L
548 2774 551 2837 Ι
576 2788 628 2825 nec
651 2773 676 2840 (c
699 2788 786 2841 supra
807 2789 913 2826 uersam
931 2789 964 2825 m.
984 2772 1014 2839 2)
1032 2769 1080 2823 hic

63 2844 163 2897 Nnec
180 2840 227 2894 bic
241 2842 268 2895 L
286 2844 295 2910 ΙΙ
313 2847 329 2895 8
348 2844 465 2911 patrem.
481 2844 508 2896 L
524 2847 527 2910 Ι
543 2858 595 2896 nec
614 2841 663 2896 ille
681 2841 725 2912 Ol
746 2859 796 2912 pro
815 2859 865 2897 om.
883 2843 906 2897 0
922 2845 938 2895 6
953 2840 1025 2909 ΝἸΙ
1045 2845 1078 2894 10

63 2917 125 2968 cosi
144 2915 167 2981 (i
186 2914 250 2967 add.
265 2930 299 2968 m.
315 2916 341 2983 1)
355 2914 383 2966 Β
402 2930 456 2968 cos.
472 2915 506 2968 N
520 2913 633 2968 consule
648 2913 675 2967 L
693 2915 703 2983 11
722 2918 753 2966 11
769 2913 861 2983 prima
875 2910 1079 2966 coniurationis

65 2987 214 3055 (postremo
234 2983 246 3037 1
264 2987 295 3039 c'a
312 3002 367 3040 ras.
382 2985 413 3039 N
421 2987 439 3054 1)
457 2985 525 3040 fide:
544 3002 612 3039 corr.
627 2985 760 3040 Halmius
778 2985 877 3055 (primo
896 2984 1025 3051 Iahnius)
1044 3000 1083 3037 aa

65 3055 175 3136 prona?
193 3059 202 3124 ΙΙ
224 3061 256 3137 tt
279 3054 329 3140 ille
353 3059 377 3125 (e
401 3059 432 3111 ta
444 3073 551 3140 ,rasura
565 3074 603 3157 ,m
619 3058 647 3124 1)
666 3056 700 3138 N
717 3058 721 3125 Ι
741 3055 825 3110 iratio
845 3060 906 3123 (cm.
923 3053 957 3122 si)
976 3054 1002 3107 L
1021 3056 1030 3123 l
1050 3058 1083 3106 13

66 3128 809 3268 amitttat'litttttllttdititd
822 3125 1082 3265 tiittittlt

65 3272 167 3324 nerant
184 3285 248 3322 cum
266 3269 300 3322 N
314 3269 503 3324 decreuerant.
533 3269 604 3323 Turn
622 3269 649 3323 L
667 3272 728 3324 tum
746 3286 795 3324 ora.
811 3270 839 3322 Β
856 3271 866 3337 l
888 3271 921 3320 15
941 3266 976 3320 de
995 3266 1080 3321 simu-

66 3340 144 3394 lante
163 3343 195 3395 in
213 3339 409 3394 dissimulante
427 3342 545 3396 mutavit
563 3341 597 3394 Ν
601 3342 609 3372 ¹
631 3346 635 3408 Ι
659 3339 788 3410 pompeio
803 3346 868 3409 post
882 3336 1079 3392 dissimulante

67 3415 130 3468 cdd.
145 3411 195 3480 Li
210 3416 242 3466 16
261 3411 399 3465 maiorum
417 3428 494 3466 more
513 3412 560 3482 01)
580 3417 613 3468 17
632 3411 688 3464 nisi
706 3410 775 3464 fides
793 3411 971 3479 permaneret
985 3411 1012 3463 B
1029 3411 1033 3479 Ι
1049 3425 1079 3464 se

68 3517 118 3556 orn.
133 3501 162 3554 Β
185 3504 194 3569 l
218 3505 252 3555 18
270 3485 361 3556 batem
383 3503 522 3571 (spiritum
543 3503 674 3570 imposuit
692 3519 726 3554 m.
744 3502 770 3569 1)
788 3502 816 3554 Β
839 3503 848 3569 lt
872 3504 906 3552 20
926 3515 1012 3553 arena
1030 3499 1058 3553 B

69 3572 148 3626 cuius
167 3571 189 3642 (i
207 3589 294 3642 supra
311 3590 416 3630 versum
434 3591 467 3629 m.
484 3575 511 3643 1)
529 3573 564 3627 N
577 3576 586 3642 l
608 3577 640 3626 21
661 3570 810 3641 praesidiis
829 3572 888 3626 BL
907 3569 1036 3641 praesidis
