2334 3922
455 182 480 250 I,
499 182 614 253 41011,
634 185 668 252 ὅ).
1025 183 1070 248 97

57 354 153 414 muris
186 353 309 412 cinctus.
355 357 510 429 postquam
543 348 697 410 domuerat
728 352 945 428 ingratissimos
973 350 1069 411 homi·

57 461 139 522 num,
161 448 274 519 tamen,
297 449 331 500 ut
353 442 417 518 ipse
441 439 524 517 dixit,
546 440 578 498 in
600 439 744 499 honorem
766 446 951 499 mortuorum
975 443 1068 501 sacris

58 534 122 592 suis
149 530 302 608 famaeque
330 529 456 588 donavit.
502 546 570 587 mox
599 546 666 587 cum
689 526 808 589 Euboea
836 535 923 606 atque
947 528 1068 589 Boeotia
1087 542 1128 592 11,

58 619 207 700 praesidia
230 621 309 696 regis
333 617 505 698 depulisset,
528 618 624 676 omnis
649 619 748 695 copias
766 635 825 677 uno
844 617 922 695 apud
941 616 1068 677 Chaero-

32 710 152 788 eniam,
181 707 258 786 apud
282 705 489 766 Orchomenon
516 705 608 766 altero
632 705 709 765 bello
733 705 886 784 dissipavit
909 708 1067 784 statimque

60 800 92 858 in
124 798 223 857 Asiam
260 802 464 873 transgressus
499 797 597 873 ipsum
630 793 778 873 obprimit.
828 801 858 854 et
889 793 1068 855 debellatum

59 887 149 966 foret,
177 887 236 944 nisi
265 885 301 944 de
324 883 493 944 Mithridate
515 883 699 961 triumphare
722 885 780 943 cito
804 901 892 961 quam
914 902 983 944 vere
1007 902 1067 944 ma-

59 975 173 1036 luisset.
211 992 244 1034 ac
268 979 331 1056 tum
355 973 475 1050 quidem
497 973 576 1032 hunc
595 972 681 1032 Asiae
705 979 813 1033 statum
832 971 910 1050 Sylla
933 971 1067 1033 dederat:
1089 987 1122 1036 12

59 1067 154 1124 ictum
186 1080 253 1123 cum
284 1061 415 1122 Ponticis
449 1061 567 1141 foedus,
604 1063 718 1140 recepit
749 1059 917 1140 Bithyniam
950 1080 965 1121 a
997 1081 1068 1139 rege

19 1167 45 1205 ιο
59 1151 245 1231 Nicomedes,
268 1149 479 1210 Ariobarzanes
499 1149 721 1230 Cappadociam,
743 1150 811 1210 Asia
834 1169 940 1211 rursus
957 1158 1068 1231 nostra,

57 1248 92 1303 ut
124 1246 277 1319 coeperat,
314 1239 498 1299 Mithridates
530 1245 644 1299 tantum
677 1237 822 1317 repulsus.
875 1241 975 1318 itaque
1007 1258 1068 1300 non

57 1331 147 1408 fregit
171 1347 205 1388 ea
228 1347 277 1388 res
299 1327 451 1407 PonticoS,
475 1327 528 1387 sed
551 1327 692 1387 incendit.
738 1329 847 1406 quippe
870 1346 923 1388 rex
946 1328 1014 1388 Asia
1039 1335 1121 1390 et13

57 1419 178 1497 Europa
206 1416 332 1495 quodam
359 1416 447 1475 modo
474 1418 623 1477 inescatus
651 1433 712 1476 non
739 1418 798 1475 iam
826 1419 911 1495 quasi
934 1415 1068 1497 alienam,

58 1508 126 1585 sed,
159 1508 227 1585 quia
259 1507 410 1586 amiserat,
444 1508 528 1584 quasi
559 1511 674 1584 raptam
706 1504 776 1565 belli
808 1507 873 1565 iure
905 1505 1066 1585 repetebat.

18 1609 43 1650 15
57 1599 150 1675 igitur
172 1602 206 1655 ut
229 1597 357 1655 extincta
381 1613 486 1674 pamm
509 1593 637 1654 fideliter
659 1595 797 1655 incendia
819 1596 931 1654 maiore
950 1593 1067 1655 flamma
1087 1608 1122 1657 14

56 1687 255 1764 revivescunt,
273 1685 315 1743 ita
337 1683 388 1743 ille
412 1683 447 1743 de
470 1685 596 1764 integro,
620 1685 714 1744 auctis
734 1685 877 1743 maiorem
896 1685 928 1743 in
947 1684 1068 1756 modum

58 1775 163 1854 oopiiS,
185 1779 247 1832 tota
270 1771 397 1851 denique
421 1775 506 1850 regni
530 1774 577 1832 sui
599 1772 676 1832 mole
701 1774 732 1832 in
751 1772 850 1832 Asiam
869 1791 974 1834 rursus
993 1775 1068 1833 mari

57 1871 138 1924 terra
161 1861 392 1940 fluminibusque
415 1860 560 1922 veniebat.

125 1951 273 2031 Cyzicum,
295 1949 403 2010 nobilis
422 1952 534 2031 civitas,
554 1969 620 2010 arce
640 1951 795 2011 moenibus
814 1957 902 2030 portu
920 1936 1068 2011 turribus·
1088 1963 1122 2013 111

54 2156 168 2210 quoque
183 2141 212 2193 et
224 2139 252 2207 0,
265 2157 289 2194 e.
303 2138 378 2194 Oros.
393 2138 438 2191 VI
442 2143 469 2206 2,
479 2143 497 2193 5
501 2161 512 2208 ;
530 2139 648 2194 Velleius
658 2140 773 2207 Haec
787 2141 797 2219 i
811 2144 826 2190 1
842 2138 949 2192 cinctus
964 2155 1013 2193 om.
1027 2137 1067 2210 0)

56 2214 156 2267 domus
171 2213 233 2264 erat
246 2212 277 2264 ire
291 2209 436 2263 domuerat
450 2217 515 2265 met.
527 2211 560 2265 N
564 2210 575 2240 ²
590 2213 594 2279 Ι
610 2208 855 2293 ingratistismmos
869 2212 1017 2290 (posterius
1031 2208 1069 2262 eis

55 2284 215 2422 1111111ἔῇ
229 2280 1067 2424 hthhttdttttttttttttttttttttiit

57 2423 150 2481 omnis
169 2423 190 2492 (i
203 2427 236 2478 ire
249 2439 265 2476 e
278 2425 395 2478 mutarit
407 2440 442 2478 rn.
456 2426 518 2493 rec.)
532 2424 566 2477 N
576 2439 671 2477 omnes
685 2424 712 2477 L
728 2424 732 2492 l
749 2424 818 2491 aput
831 2424 858 2476 L
872 2425 881 2493 Ι)
895 2428 911 2476 6
925 2423 1069 2477 orthome·

57 2512 116 2551 non
129 2497 156 2549 L
172 2497 176 2565 t
193 2493 330 2564 disipauit
343 2494 378 2548 N
387 2498 396 2562 Ι)
411 2503 426 2548 6
444 2492 536 2564 ipsam
550 2497 646 2563 (sopra
664 2511 681 2547 a
699 2495 813 2550 deletam
831 2511 896 2550 arn.
910 2496 941 2562 2)
956 2495 989 2549 N
1001 2496 1005 2563 Ι
1022 2510 1070 2563 op-

46 2565 158 2638 primit
176 2566 236 2619 BL
256 2570 260 2635 ι
286 2565 459 2619 debellatum
477 2568 505 2634 (a
522 2583 609 2635 supro
627 2582 646 2618 u
664 2583 698 2620 m.
716 2568 745 2635 2)
763 2566 797 2619 N
816 2566 825 2634 ΙΙ
849 2571 864 2618 ‘t
884 2564 1070 2621 demithidate

58 2641 86 2692 B
105 2642 115 2707 d
134 2644 150 2692 8
170 2636 235 2690 silla
254 2636 281 2690 L
298 2641 307 2706 11
326 2641 342 2689 9
360 2635 481 2705 ponticis
505 2638 691 2706 (posteriorem
708 2635 720 2689 i
736 2639 769 2691 ire
787 2653 802 2690 e
820 2640 937 2693 radiarit
954 2655 989 2692 ro.
1008 2644 1038 2705 2,
1057 2654 1069 2690 s

58 2710 197 2780 expunxit
219 2725 253 2762 111.
272 2710 335 2776 rec.)
353 2708 386 2762 N
408 2711 411 2772 Ι
436 2707 563 2790 phoedus
581 2709 609 2762 Β
633 2710 637 2777 Ι
662 2707 787 2777 recoepit
805 2710 831 2778 (o
850 2724 938 2778 srrpra
954 2710 1070 2778 aereum)

59 2782 88 2835 Β
104 2782 109 2848 Ι
124 2777 278 2833 bithiniam
292 2780 320 2833 Β
337 2777 499 2847 bythimam
512 2779 539 2833 L
555 2781 559 2848 Ι
575 2782 605 2833 et
621 2795 688 2850 rege
702 2780 729 2833 Β
744 2795 779 2833 ex
790 2795 858 2851 rege
872 2780 1049 2847 Woelffiireuo
1062 2780 1072 2850 1)

61 2856 95 2906 10
118 2850 284 2905 nichomede
308 2848 460 2904 abariobar
482 2866 568 2904 zenae
585 2851 613 2904 Β
632 2851 776 2904 nicomede
796 2849 1016 2905 abariobarzane
1036 2850 1070 2906 01

59 2939 129 2977 corr.
144 2922 260 2991 Lipsius
273 2919 438 2989 Bithyniam
451 2921 512 2991 regi
525 2919 681 2991 Nicomedi,
699 2920 884 2976 Ariobarzani
897 2921 1049 2976 Solnmeiuo

58 2991 265 3063 cappadociam
288 2994 381 3060 (prior
402 3011 421 3061 p
445 3009 531 3062 sopra
548 3009 653 3048 version
671 3011 705 3048 m.
726 2995 752 3062 1)
771 2994 803 3047 N
819 2990 999 3062 capadotiam
1017 2992 1044 3045 L

58 3081 94 3118 ac
123 3062 163 3118 sic
186 3065 248 3117 erat
270 3069 334 3118 arete
357 3062 419 3116 asia
441 3064 506 3119 odd.
531 3063 554 3118 0
577 3065 581 3131 Ι
605 3068 687 3117 rursfi
709 3065 821 3133 (lineola
842 3081 876 3118 m.
902 3065 928 3132 1)
951 3062 985 3115 N
1004 3065 1013 3131 Ι)
1036 3068 1069 3115 11

60 3137 193 3205 coeperat
211 3138 237 3204 (o
256 3151 343 3204 cupra
359 3136 476 3204 oeream)
495 3136 522 3189 Β
539 3137 543 3203 Ι
558 3133 724 3189 mithidates
744 3136 842 3189 tantus
860 3134 888 3187 B
902 3135 911 3203 Ι)
926 3139 958 3186 12
977 3132 1070 3202 ponti-

59 3223 108 3260 cos
137 3207 283 3275 (posterior
311 3222 326 3258 o
355 3212 475 3261 correcto
501 3223 534 3260 ec
556 3209 585 3276 u)
608 3208 637 3260 Β
660 3210 664 3274 Ι
690 3205 787 3260 asiaeet
809 3208 835 3274 (e
857 3222 943 3273 sopra
965 3221 1071 3259 cereum

59 3296 94 3332 m.
113 3280 142 3346 2)
160 3277 194 3330 N
204 3280 213 3346 Ι)
228 3282 261 3329 13
281 3275 403 3329 alienam
421 3279 479 3345 (am
497 3283 644 3332 correctura
662 3295 696 3332 111.
711 3282 728 3332 1
747 3294 781 3332 ex
798 3278 839 3345 at)
856 3276 890 3329 N
899 3280 908 3342 ΙΙ
925 3281 956 3328 17
975 3292 1070 3329 rursus

61 3350 155 3418 (prior
172 3365 192 3401 n
210 3354 330 3404 correcto
347 3365 382 3402 ex
394 3349 418 3417 r)
432 3348 459 3401 L
472 3350 481 3418 Ι)
496 3352 529 3400 18
547 3347 765 3416 fluminibusque
783 3345 987 3418 martueniebat
1000 3348 1072 3416 (mar

61 3436 183 3488 masam,
205 3419 340 3473 ueniebat
361 3422 393 3473 irc
415 3436 517 3474 rasore
538 3421 680 3489 scriptum)
702 3421 730 3474 Β
750 3426 759 3487 ΙΙ
781 3424 813 3471 19
833 3416 859 3471 ei
879 3417 954 3472 zicus
973 3418 1000 3471 Β
1019 3417 1072 3487 Cy·

61 3490 187 3546 niseum.
203 3491 238 3545 N
247 3489 370 3545 cizicum
384 3489 420 3558 L,
433 3491 468 3553 cf.
484 3491 559 3545 Plio.
574 3508 601 3545 11.
611 3492 637 3545 h.
653 3491 752 3557 V142,
770 3491 885 3557 Vtere,
898 3490 1053 3545 Metalce
1066 3490 1069 3553 t

61 3578 127 3616 arce
141 3565 264 3631 (caprae
277 3563 395 3631 1111911111,
409 3579 479 3632 qnae
488 3580 516 3614 m
529 3562 674 3631 sipnificaq
685 3564 786 3633 perite,
800 3562 846 3616 ced
859 3565 922 3616 ma
935 3562 1032 3630 deiciat
1042 3561 1078 3615 N

112 3661 196 3701 morus
210 3661 244 3704 ed.
260 3659 285 3702 0.
298 3660 455 3704 Rossbach
852 3656 871 3705 ’1
