2334 3922
460 159 486 227 1,
507 165 540 212 aa
559 159 607 230 (Π,
627 162 662 229 a).
1027 163 1067 226 61

59 326 240 405 presserint,
268 342 365 403 neque
389 324 419 384 id
442 326 509 385 beri
527 325 673 386 Hannibal
696 327 824 386 senserit
847 326 966 387 dilticile
984 327 1072 388 dictu

56 420 112 473 est.
162 421 243 474 certe
275 413 420 474 Hannibal
454 433 486 474 re
520 417 636 493 cognita
669 432 737 474 cum
768 416 937 492 proiectum
969 417 1122 478 fratrissa

57 509 147 581 caput
167 502 203 562 ad
224 521 276 562 sua
296 509 393 562 castra
411 503 544 582 vidisset,
569 499 719 582 ‘agnosco'
739 505 836 581 inquit
856 500 1071 565 ‘infelicitatem

56 586 266 668 Carthaginis'
302 591 375 651 haec
399 591 455 652 fuit
478 590 558 651 illius
581 594 638 652 viri
661 610 721 651 non
742 594 806 651 sine
826 595 978 670 praesagio
999 612 1070 671 quo·

29 678 125 738 adam
157 678 210 738 fati
237 681 426 740 ¹imminentis
459 682 556 758 prima
583 681 746 760 conless103
779 682 837 739 iam
865 688 980 741 certum
1008 688 1072 741 erat
1090 695 1124 744 54

56 766 253 828 Hannibalem
277 771 365 829 etiam
389 770 483 847 ipsius
508 769 694 829 confessione
717 786 805 847 posse
829 771 915 828 vinci.

125 855 183 916 Sed
215 864 259 917 tot
291 875 391 916 rerum
424 875 636 936 prosperarum
667 857 775 917 fiducia
806 856 913 936 plenus
943 857 1071 937 populus

57 943 209 1005 Romanus
242 947 341 1025 magni
371 945 545 1005 aestimabat
578 948 775 1024 asperrimum
807 946 924 1006 hostem
955 949 986 1006 in
1019 965 1072 1007 sua

56 1033 155 1093 Africa
182 1034 339 1094 debellare.
386 1034 461 1095 duce
490 1036 581 1112 igitur
604 1034 743 1114 Scipione
772 1037 804 1094 in
827 1036 921 1113 ipsam
944 1035 1072 1096 Africam
1091 1049 1124 1098 oo

15 1135 41 1175 ιο
56 1129 118 1181 tota
145 1122 223 1183 mole
252 1141 412 1185 conversus
441 1125 551 1183 imitari
580 1125 677 1202 coepit
699 1122 895 1184 Hannibalem
919 1131 949 1184 et
970 1123 1071 1184 ltaliae

56 1228 128 1270 suae
162 1211 260 1272 clades
293 1215 324 1273 in
352 1212 481 1272 Africam
514 1211 672 1271 vindicare.
719 1230 792 1290 quas
822 1210 885 1292 ille,
918 1212 960 1272 dii
991 1212 1071 1292 boni,
1090 1227 1124 1276 oo

55 1298 250 1360 Hasdrubalis
282 1303 382 1380 copias
415 1301 504 1380 fudit,
537 1318 612 1379 quos
641 1299 789 1379 Syphacis.
811 1299 961 1361 Numidici
992 1303 1071 1380 regis

56 1390 215 1465 equitatus.
254 1408 329 1468 quaa
352 1397 520 1468 quantaque
543 1391 700 1467 utriusque
724 1397 819 1448 eastra
840 1388 953 1450 lacibus
972 1389 1071 1449 inlatis

56 1493 115 1535 una
138 1485 225 1537 nocte
248 1477 365 1538 delevit.
410 1478 538 1557 denique
563 1480 622 1537 iam
645 1496 705 1537 non
728 1495 744 1537 a
767 1479 855 1537 tertio
879 1477 989 1557 lapide,
1019 1478 1071 1538 sed

16 1577 42 1616 1⁵
58 1565 138 1641 ipsas
162 1564 347 1645 Carthaginis
376 1574 477 1645 portas
506 1565 659 1626 obsidione
689 1565 846 1644 quatiebat.
894 1568 937 1626 sic
960 1566 1070 1627 lactum
1091 1580 1123 1628 et

55 1660 88 1711 ut
112 1654 316 1715 inhaerentem
339 1661 427 1733 atque
451 1654 640 1715 incubantem
659 1654 760 1715 ltaliae
782 1662 975 1735 extorqueret
991 1655 1069 1715 Han-

54 1741 192 1803 nibalem.
230 1762 289 1804 non
313 1744 369 1805 luit
392 1745 487 1803 maior
510 1743 565 1804 sub
589 1746 715 1822 imperio
738 1742 869 1804 Romano
894 1743 958 1804 dies
982 1762 1071 1823 quarn
1090 1757 1123 1806 58

54 1828 118 1912 ille,
147 1850 216 1893 cum
244 1833 302 1893 duo
330 1834 462 1892 omnium
486 1840 606 1893 etanta
631 1840 660 1892 et
682 1839 786 1911 postea
810 1833 918 1893 ducum
942 1835 1068 1894 maxime

53 1917 155 2000 duces,
179 1921 228 1981 ille
251 1920 360 2001 ltaliae,
382 1921 431 1981 hic
453 1920 612 2001 Hispaniae
635 1923 738 2000 victor,
757 1920 875 2000 collatis
899 1923 1067 1981 comminus

13 2025 39 2066 ao
53 2010 148 2088 signis
172 2010 308 2090 direxere
331 2011 434 2070 aciem.
472 2010 524 2070 sed
548 2017 577 2070 et
600 2009 790 2088 conloquium
814 2010 870 2070 fuit
888 2011 968 2070 inter
987 2012 1069 2088 ipsos

56 2097 94 2157 de
122 2097 238 2176 legibus
261 2100 357 2177 pacis:
386 2105 533 2160 steterunt
556 2099 608 2159 diu
631 2106 733 2158 mutua
757 2098 949 2157 admiratione
971 2097 1070 2158 delixi.
1090 2111 1124 2160 te

55 2185 109 2246 ubi
132 2186 168 2246 (16
191 2205 264 2266 pace
287 2205 348 2247 non
367 2190 512 2268 convenit,
536 2190 619 2266 signa
638 2189 783 2247 cecinere.
821 2193 936 2246 constat
958 2187 1069 2246 utrius·
1089 2200 1125 2250 60

56 2293 114 2352 que
152 2275 338 2336 confessione
376 2294 431 2336 nec
468 2275 574 2336 melius
600 2277 720 2336 <instrui
757 2277 851 2335 aciem
883 2292 938 2335 nec
971 2276 1069 2334 acrius

128 2394 150 2447 Ι
165 2398 179 2446 1
199 2409 289 2462 neque
308 2393 339 2447 id
356 2393 416 2447 fieri
436 2393 552 2447 annibal
566 2392 605 2463 (al
619 2410 680 2448 curo
693 2409 779 2463 marg,
794 2393 935 2461 (1666616111)
953 2391 1073 2446 senserit

55 2461 1072 2603 6616111611<1611111111

57 2607 146 2675 caput
161 2613 272 2675 praeter
289 2608 342 2676 put
359 2609 391 2660 in
408 2623 463 2661 ras.
478 2607 506 2660 Β
519 2608 528 2675 Ι)
543 2611 559 2659 3
577 2604 670 2673 inquit
689 2606 712 2674 (t
734 2612 854 2660 correcto
872 2622 906 2659 ea
920 2603 938 2657 d
953 2623 987 2661 m.
1003 2609 1029 2675 1)
1045 2606 1073 2658 Β

56 2676 160 2745 inquid
173 2679 195 2731 Ι
204 2682 213 2745 Ι)
227 2682 245 2729 4
263 2677 437 2748 carthaginis
452 2677 482 2745 (h
499 2695 559 2747 sap.
574 2693 641 2732 vers.
656 2694 690 2730 m.
707 2681 732 2746 1)
749 2676 783 2729 N
795 2680 799 2744 )
815 2675 990 2744 chartaginis
1002 2677 1024 2729 Ι
1033 2679 1042 2746 Ι)
1057 2682 1073 2729 5

57 2747 225 2802 inminentis
243 2750 265 2801 I
284 2751 293 2819 Ι(
317 2754 332 2801 6
352 2748 514 2802 annibalem
533 2749 560 2802 A
582 2751 591 2817 (Ι
614 2752 630 2800 8
649 2745 877 2818 hasperrisfmum
896 2749 1043 2816 (posterior
1061 2764 1073 2800 s

57 2821 148 2888 61666)
168 2821 196 2873 Β
213 2821 223 2888 Ι)
243 2824 276 2872 10
295 2818 407 2874 imitare
426 2820 452 2873 L
473 2823 477 2887 Ι
499 2817 660 2873 annibalem
679 2819 734 2887 ΑΙ)
753 2824 784 2871 11
806 2817 895 2872 africa
912 2819 941 2871 Β
956 2820 960 2886 Ι
977 2817 1032 2871 diis
1051 2821 1073 2886 (s

57 2893 148 2959 61666)
168 2890 196 2943 Β
222 2892 232 2959 (Ι
257 2896 290 2943 11
308 2889 488 2959 hasdrybalis
508 2891 542 2944 N
560 2888 728 2943 hasdiibalis
748 2890 774 2942 L
796 2891 801 2958 Ι
822 2889 918 2959 cupias
937 2891 958 2942 I
974 2893 978 2957 Ι
999 2888 1074 2942 fudit

58 2978 109 3016 om.
132 2961 172 3030 Ol
189 2960 292 3030 syfacis
312 2962 346 3015 N
360 2961 456 3015 silacia
476 2961 502 3014 L
518 2963 522 3030 Ι
538 2959 674 3014 numidici
694 2959 769 3030 regis
789 2960 931 3028 equitatus
950 2960 977 3013 A
997 2974 1073 3012 exer·

59 3032 133 3087 citus
153 3031 228 3086 fudit
249 3032 272 3087 0
291 3035 300 3102 Ι)
324 3037 356 3085 13
376 3031 461 3086 clasis
480 3039 542 3087 ante
561 3033 655 3085 castra
673 3033 738 3085 add.
757 3031 785 3083 Β
804 3029 902 3086 classis
921 3031 943 3082 I
958 3030 962 3097 Ι
983 3027 1073 3082 illatis

59 3104 120 3157 BL
133 3106 143 3173 Ι)
159 3108 191 3156 11
215 3102 390 3173 carthaginis
409 3105 557 3172 (posterior
575 3102 586 3156 i
603 3109 723 3158 conecto
741 3119 774 3156 ex
793 3104 818 3170 6)
836 3102 864 3154 Β
880 3104 884 3169 l
901 3098 1073 3168 chartaginis

58 3175 81 3228 I
89 3176 99 3243 (Ι
115 3179 148 3227 16
167 3173 361 3229 inaherentem
379 3177 407 3243 (a
426 3177 514 3244 eroso)
533 3176 561 3228 Β
579 3173 724 3228 herentem
741 3174 763 3226 Ι
776 3175 785 3241 (Ι
805 3178 838 3225 18
857 3188 920 3251 cum
938 3172 970 3224 iu
988 3188 1074 3238 quum
1099 3218 1101 3222 Α

58 3247 177 3300 mutavit
196 3246 237 3298 B¹
258 3250 262 3313 )
284 3248 368 3299 antea
387 3247 435 3315 Β)
456 3244 577 3309 maxime
596 3245 624 3297 Β
642 3243 763 3297 maxime
783 3244 970 3310 (etormet.
989 3258 1023 3296 m.
1043 3245 1073 3310 2)

59 3316 94 3370 N
112 3315 228 3368 maximi
252 3318 273 3370 I
294 3318 395 3372 Lindus
418 3317 509 3370 XXX
525 3321 604 3383 30,1
628 3318 637 3385 1(
663 3320 694 3368 19
719 3314 803 3367 duces
827 3315 853 3382 (6
875 3311 936 3366 a'ui
958 3314 1076 3368 mutavit

57 3405 93 3442 111,
114 3390 144 3456 2)
163 3387 196 3440 N
217 3388 221 3455 Ι
246 3386 293 3442 116
312 3390 337 3457 (6
356 3393 474 3443 correcta
493 3404 527 3442 eo:
546 3390 568 3457 s)
588 3387 614 3439 L
635 3397 638 3453 1
658 3384 767 3454 ispania
786 3384 814 3437 Β
833 3382 949 3452 spaniae
968 3384 989 3437 I
1007 3385 1017 3452 Ι(
1040 3387 1074 3436 20

58 3457 233 3526 colloquium
258 3457 331 3528 01))
354 3464 386 3511 21
412 3459 523 3528 etpost
545 3457 624 3528 pacis
648 3457 712 3512 odd.
732 3456 759 3508 B
780 3455 784 3527 )
808 3453 1004 3509 ammiratione
1028 3455 1073 3511 111

58 3535 93 3583 12
113 3545 181 3583 uero
200 3536 263 3584 aute
281 3530 316 3583 de
336 3531 399 3584 add.
418 3531 441 3584 I
