2334 3922
111 178 154 241 26
472 178 584 231 FLORI
601 178 762 230 ΕΡΙΤΟΜΑ

61 356 93 406 19
112 343 230 423 obruta,
263 343 315 403 sed
348 344 465 421 expiata
495 344 595 421 potius
628 349 658 402 et
689 341 812 402 lustrate
843 337 999 402 videatur?
1032 343 1123 420 igitur

106 439 180 512 ‘post
197 432 345 492 adsertam
364 450 380 491 a
398 430 515 512 Manlio,
536 433 704 490 restitutam
723 449 739 490 a
758 429 880 491 Camillo
899 429 1006 490 mirem
1024 432 1123 490 aerius

111 524 200 582 etiam
223 521 486 599 vehementiusque
510 521 541 579 in
565 520 707 579 finitimos
730 521 903 580 resurrexit.

408 768 479 828 Vlll.
512 767 633 827 BELLA
656 768 822 828 eltutus

177 911 218 971 Ae
240 912 371 989 primum
394 912 527 971 omnium
550 909 631 969 illam
651 913 747 989 ipsam
766 909 906 970 Gallicam
925 916 1045 987 gentem
1064 926 1123 968 non
1148 930 1159 970 s

112 1006 269 1060 contentus
296 998 453 1059 moenibus
475 998 639 1080 expulisse,
667 1017 735 1059 eum
757 1016 812 1078 per
834 997 948 1058 ltaliam
970 998 1123 1075 naufragia

112 1107 165 1148 sua
192 1087 280 1148 latius
308 1088 474 1168 traherent,
498 1090 541 1147 sie
564 1094 740 1166 persecutus
763 1093 809 1147 est
833 1085 908 1147 duee
932 1085 1069 1167 Camillo,
1092 1093 1125 1147 ut

58 1191 94 1240 20
111 1176 199 1236 hodie
238 1175 319 1236 nulla
356 1176 507 1236 Senonum
543 1178 667 1254 vestigia
704 1177 864 1254 supersint.
917 1172 1010 1235 semel
1046 1174 1123 1254 apud

111 1265 255 1325 Anienem
273 1265 422 1345 trucidati,
442 1283 509 1325 enm
526 1263 669 1342 singulari
684 1266 845 1324 certamine
859 1262 985 1323 Manlius
1000 1281 1124 1324 aureum

111 1362 248 1432 torquem
284 1353 409 1413 barbaro
446 1356 525 1413 inter
557 1352 650 1431 spolia
682 1353 824 1432 detraxit,
859 1353 939 1412 unde
971 1351 1122 1430 Torquati.
1137 1372 1160 1411 ιο

111 1445 221 1503 iterum
242 1441 399 1521 Pomptino
428 1459 512 1522 agro,
539 1459 608 1502 eum
631 1444 663 1501 in
687 1440 777 1501 simili
799 1459 899 1520 pugna
921 1440 1057 1500 Valerius
1080 1443 1123 1500 in-

112 1531 226 1591 sidente
259 1530 359 1608 galeae
391 1548 475 1590 sacra
507 1529 575 1590 alite
608 1530 726 1590 adiutus
760 1529 830 1590 tulit
862 1528 955 1608 spolia
993 1536 1023 1589 et
1055 1529 1123 1589 inde

58 1635 92 1682 21
112 1620 239 1681 Corvini.
285 1637 340 1679 nee
367 1636 427 1678 uon
454 1626 555 1678 tamen
580 1625 649 1698 post
675 1618 788 1697 aliquot
815 1635 908 1678 annos
934 1618 1032 1678 omnis
1057 1616 1124 1677 reli-

112 1709 197 1786 quias
230 1725 332 1767 eorum
365 1709 396 1766 in
425 1706 546 1767 Etruria
578 1707 615 1767 ad
646 1706 742 1767 laeum
772 1705 943 1767 Vadimonis
975 1704 1124 1766 Dolabella

112 1795 233 1876 delevit,
260 1813 298 1855 ne
327 1798 395 1874 quis
418 1801 533 1855 extaret
555 1814 591 1855 ex
615 1814 649 1856 ea
672 1802 773 1876 geute,
800 1797 852 1873 qui
874 1796 1028 1854 incensam
1052 1813 1068 1854 a
1092 1812 1122 1854 se
1137 1813 1159 1853 15

111 1883 272 1943 Romanam
294 1882 400 1943 urbem
422 1883 607 1961 gloriaretur.

182 2110 204 2161 I
219 2115 231 2161 1
247 2110 393 2178 pastorum
407 2107 550 2176 quondam
563 2123 630 2161 oasa
643 2106 720 2160 urbis
734 2106 837 2162 enituit
842 2113 906 2176 post
913 2105 1003 2176 igitur
1012 2107 1077 2161 add.
1088 2105 1126 2177 Ill

112 2185 127 2231 2
147 2181 284 2233 assertam
303 2180 356 2233 LI
372 2183 376 2246 Ι
397 2177 505 2232 amillio
524 2179 552 2232 Β
571 2194 589 2231 a
606 2177 723 2233 manilio
742 2179 776 2232 N
790 2195 809 2232 a
827 2177 932 2232 manlio
950 2178 978 2232 L
998 2179 1003 2247 Ι
1023 2175 1124 2231 faeiem

107 2257 171 2319 post
192 2249 299 2305 manlio
321 2251 385 2304 odd.
409 2251 431 2304 I
452 2253 456 2316 Ι
480 2248 642 2303 restitutam
664 2251 707 2319 (tu
728 2266 815 2319 supra
832 2266 938 2304 aarum
955 2266 991 2304 m.
1009 2250 1081 2318 aad.)
1100 2247 1124 2301 L

111 2337 327 2407 restitutamque
340 2339 362 2392 I
371 2341 381 2407 fl
395 2343 411 2391 8
430 2322 659 2406 ιιξεωεηῇυεφιο
671 2339 811 2407 (spiritum
828 2338 892 2392 aad.
907 2355 942 2392 m.
956 2339 985 2406 1)
999 2338 1028 2392 Β
1045 2339 1049 2406 Ι
1064 2334 1122 2390 fini·

111 2426 172 2464 mos
189 2410 218 2463 B
240 2411 249 2479 ΙΙ
272 2417 288 2462 5
307 2409 348 2462 Ae
361 2441 397 2450 —
410 2411 524 2479 gentem
546 2425 596 2462 om.
620 2410 658 2478 ΙΙ
673 2424 725 2462 nee
745 2410 841 2462 tamen
859 2407 987 2463 contenti
1003 2405 1123 2461 Romani

113 2479 172 2532 suis
194 2495 242 2533 eos
265 2479 412 2533 moenibus
436 2478 576 2548 expulisse
597 2481 617 2532 I
638 2482 648 2549 ΙΙ
671 2486 687 2533 6
709 2478 856 2533 moenibus
875 2479 904 2547 (b
922 2495 957 2533 ex
974 2481 989 2532 t
1006 2484 1124 2534 comedo

112 2568 146 2604 m.
166 2552 192 2618 1)
211 2551 238 2602 Β
258 2551 263 2619 Ι
287 2566 350 2603 oum
367 2553 399 2604 in
418 2568 504 2619 quum
522 2553 640 2605 mutavit
657 2551 698 2604 B¹
714 2551 718 2618 Ι
734 2549 915 2619 naufragium
933 2552 972 2618 (m
990 2550 1124 2619 exponat

112 2637 146 2674 ot.
167 2625 181 2672 1
206 2627 232 2674 et
249 2627 385 2688 mortum
407 2623 479 2690 quod
497 2622 576 2687 infra
594 2637 612 2674 a
626 2628 757 2691 pentadi
775 2622 882 2691 deleuit)
900 2619 935 2674 N
952 2622 963 2689 ll
987 2625 1002 2674 ‘1
1021 2620 1124 2674 traeret

112 2692 145 2743 ia
161 2693 288 2744 traerent
305 2695 423 2746 mutavit
440 2692 481 2745 B¹
499 2691 625 2746 traheret
644 2691 684 2761 01
700 2691 840 2760 persecuti
858 2693 924 2745 eunt
936 2692 959 2744 I
970 2695 974 2760 Ι
990 2691 1122 2745 ductante

112 2761 134 2814 I
151 2763 162 2830 ΙΙ
181 2767 197 2814 8
217 2760 300 2814 odiae
317 2762 355 2829 ΙΙ
372 2778 401 2815 se
419 2779 524 2816 nouum
542 2762 571 2816 Β
588 2779 724 2818 senonum
741 2763 782 2816 B¹
799 2761 936 2831 lfestigia
953 2764 986 2816 in
1003 2760 1124 2831 uestigia

112 2834 229 2886 memet
246 2832 274 2886 Β
299 2837 303 2894 Ι
328 2832 404 2901 apud
427 2832 456 2901 (d
479 2841 599 2888 correcto
620 2851 655 2888 err
676 2835 701 2902 t)
719 2834 747 2888 Β
770 2835 840 2902 aput
858 2834 892 2887 N
910 2834 920 2902 1
942 2837 959 2885 9
978 2835 1046 2886 sunt
1064 2837 1124 2902 post

113 2901 250 2956 trucidati
276 2904 340 2957 odd.
364 2904 392 2957 Β
415 2905 420 2972 Ι
444 2903 645 2958 trucidatieum
672 2903 819 2974 (trucidati
845 2911 871 2959 et
897 2921 963 2958 eum
988 2905 1124 2973 mouit

112 2991 146 3028 m.
167 2980 183 3028 1
203 2990 220 3026 a
238 2991 323 3042 saepru
338 2977 515 3043 germinem
532 2993 552 3029 u
569 2978 661 3044 auoit,
681 2992 696 3028 e
714 2977 830 3042 fortasse
847 2992 882 3030 ee
900 2977 1062 3046 georreas‘t)
1075 2973 1121 3033 Bl

114 3060 230 3098 aureum
253 3046 282 3112 (a
303 3061 390 3114 supra
410 3049 586 3114 posteriorem
607 3064 627 3100 u
646 3049 742 3115 pontit
759 3065 793 3101 m.
812 3048 841 3115 2)
860 3047 894 3100 N
912 3049 922 3115 1
944 3050 979 3099 10
997 3045 1064 3100 inde
1085 3044 1107 3099 G
1119 3044 1122 3114 Ι

114 3118 143 3169 et
159 3117 308 3183 torquatus
327 3118 371 3169 est
389 3115 481 3170 dictus
496 3118 517 3170 I
525 3119 535 3186 ΙΙ
550 3121 582 3170 11
602 3116 719 3186 pontino
734 3117 760 3170 L
776 3120 781 3186 Ι
797 3116 841 3170 ·l·
856 3115 981 3171 ualerios
997 3117 1038 3177 01
1054 3115 1124 3169 inse-

113 3189 216 3254 quente
235 3188 261 3241 L
274 3189 284 3255 ΙΙ
299 3191 332 3239 lt
351 3186 458 3256 galaeae
477 3189 634 3257 (semiactum
652 3205 669 3241 a
688 3190 825 3257 aptarit
841 3206 875 3242 m.
893 3191 920 3270 1)
939 3188 973 3241 N
986 3187 1065 3257 gallo
1079 3186 1105 3240 L
1120 3210 1123 3255 5

114 3256 225 3310 rettulit
242 3257 299 3311 NI
313 3257 411 3311 retulit
429 3260 464 3326 L,
483 3260 558 3328 efip.
574 3264 672 3326 23,15
688 3262 692 3329 Ι
708 3261 738 3312 et
755 3259 822 3312 inde
840 3258 1125 3383 eorumigddiotusque

115 3330 159 3380 est
176 3328 237 3396 ipse
256 3328 387 3382 corninus
405 3331 427 3383 I
444 3332 454 3398 ΙΙ
477 3334 510 3382 13
530 3329 649 3384 eorninii
667 3329 702 3384 N
713 3334 717 3399 Ι
733 3345 785 3384 nee
803 3346 861 3384 non
878 3347 928 3384 om.
1012 3327 1126 3397 aliquod

115 3398 199 3464 AN}
215 3414 311 3453 omnes
332 3399 380 3454 01
392 3402 401 3469 ΙΙ
421 3405 455 3452 14
472 3399 608 3454 etruriam
626 3401 660 3454 N
671 3403 676 3470 Ι
692 3400 761 3454 uadi
778 3400 882 3455 montis
900 3399 991 3470 1110
1051 3398 1126 3454 bella

167 3467 307 3523 iolnbella
324 3472 442 3525 mutavit
460 3470 494 3523 Ν
499 3472 507 3501 ¹
526 3473 536 3539 ΙΙ
558 3476 591 3523 15
609 3473 734 3525 exstaret
751 3472 778 3526 L
793 3477 798 3540 Ι
813 3471 845 3524 in
863 3487 898 3525 ea
917 3470 958 3540 01
973 3487 1048 3539 qnae
1065 3469 1129 3525 AN

195 3537 209 3577 ἵ
225 3538 273 3592 uel
289 3540 339 3608 qui
357 3541 392 3594 N
396 3543 406 3571 ²
424 3543 456 3594 ia
473 3543 597 3611 mareiae
610 3544 620 3610 ΙΙ
634 3548 668 3596 16
686 3542 807 3596 Romam
823 3560 865 3614 eg.
884 3549 911 3599 et
926 3543 1055 3625 Iniuriae
