2334 3922
532 175 646 226 INDEX
1032 171 1099 237 263

94 331 317 400 dimicaverunt,
345 331 433 386 donec
458 331 561 386 Arrun·
616 332 814 402 Tectosagi,
848 331 1096 402 Gallograecorum

95 406 159 458 tem
176 402 279 456 Brutus
298 403 402 457 occidit
422 408 510 472 18,11
634 420 710 472 gens,
730 403 864 457 Romanis
882 420 911 458 se
926 404 1095 458 dediderunt

71 473 291 542 Tarquinius
312 474 451 528 Priscus
470 476 561 528 trans·
634 480 676 543 69,
692 479 708 527 8

95 545 225 600 marinae
244 545 559 616 originis11,22.12,2.
615 561 631 599 e
671 545 885 616 tegumentis
928 547 1097 616 pecudum

94 634 216 688 regnum
226 616 336 687 accepit
345 617 381 670 ob
391 616 560 670 industriam
633 617 762 687 Spartaci
796 617 901 671 milites
936 618 1095 673 inconditos

93 687 456 758 1111111111311111111112,1Ι
480 704 560 742 sena·
633 688 688 742 sibi
708 688 814 758 clipeos
833 687 959 743 iecerunt
979 695 1038 759 128,
1055 695 1070 744 7

92 763 160 814 tum
181 775 296 814 numero
316 758 477 829 ampliavit,
497 776 560 812 cen·
614 759 797 814 Telesinus
816 779 842 814 v.
861 760 979 814 Pontius

92 830 180 884 turiis
216 831 307 884 tribus
339 830 419 884 auxit
451 830 559 898 equites
614 830 786 885 Tellurem
833 831 915 886 deam
957 831 1095 902 promissa

96 908 144 969 12,
154 907 178 956 3.
204 901 315 956 Attium
332 901 454 956 Nerium
472 918 559 971 augu-
632 903 703 957 aede
747 902 874 972 placavit
915 903 1094 972 Sempronius

92 972 229 1027 remine
269 974 435 1027 erimentum
448 973 560 1042 rogavit
632 978 706 1042 37,6

96 1050 145 1113 12,
161 1050 186 1100 6.
222 991 275 1098 {il
297 1044 414 1099 Tusciae
439 1043 559 1114 populos
613 1044 793 1099 temeritas
812 1044 977 1099 felicissima
993 1045 1093 1099 Caesa-

94 1114 212 1186 subegit
239 1121 286 1183 12,
312 1122 352 1169 12.
400 1115 502 1178 decora
530 1117 558 1169 et
630 1116 669 1169 ris
687 1133 738 1186 per
755 1116 842 1187 Alpes
860 1116 891 1170 in
909 1116 1034 1170 Calliam
1051 1134 1093 1171 re-

94 1186 230 1258 insignia,
238 1186 339 1254 quibus
347 1186 458 1257 imperii
466 1185 558 1256 digni-
632 1187 743 1241 deuntis
763 1193 853 1257 110,1

93 1257 558 1327 taseminet,instituit12,16.15,6
611 1274 662 1328 per
685 1259 806 1328 Tempe
830 1258 994 1312 Thessalica
1012 1259 1094 1312 Pom·

73 1329 288 1398 Tarquinius
313 1329 483 1398 Superbus
509 1345 558 1398 po-

630 1328 710 1398 peius
730 1346 801 1397 equo
820 1329 895 1398 fugit
915 1335 1006 1398 147,7

96 1403 216 1454 stremus
231 1400 355 1454 omnium
368 1417 467 1470 regum
482 1405 523 1468 13,
533 1405 556 1453 9.
612 1402 803 1470 tempestas
823 1400 922 1453 oborta
941 1400 1015 1455 inter
1031 1417 1094 1455 cae-

94 1471 220 1525 inmissis
242 1471 273 1524 in
296 1471 422 1525 Servium
446 1487 558 1541 percus-

92 1542 206 1596 soribus
229 1542 332 1597 scelere
351 1542 461 1612 peperit
478 1543 557 1613 pote-

92 1616 199 1668 statem
232 1620 280 1682 13,
309 1619 350 1667 12.
397 1612 457 1667 eius
488 1630 558 1666 uxor

93 1684 190 1739 Tullia
205 1689 300 1752 13,14.
327 1701 390 1738 cum
409 1684 558 1738 saevitiam

93 1756 174 1810 domi
204 1755 367 1826 fatigasset,
399 1755 430 1808 in
462 1756 557 1809 hostes

91 1833 359 1894 conversus13,18.
387 1826 477 1879 filium
496 1843 557 1880 ver-

92 1900 193 1954 berare
213 1915 272 1953 non
289 1897 433 1952 dubitavit
452 1903 498 1966 13,
513 1903 555 1950 21.

90 1968 232 2038 templum
259 1969 347 2024 erexit
371 1975 417 2036 14,
438 1973 461 2022 5.
505 1968 556 2021 im-

90 2040 204 2112 perium
239 2040 352 2110 regibus
389 2039 558 2109 abrogatum

94 2117 196 2180 14,13.
218 2117 317 2181 15,17.
351 2110 477 2181 agitatus
497 2110 557 2164 eius

91 2182 205 2237 iniuriis
241 2182 361 2252 populus
401 2180 558 2251 cupiditate

92 2253 237 2308 libertatis
269 2253 429 2308 incenditur
461 2259 507 2321 15,
532 2259 556 2308 9.

630 1471 696 1525 dem
717 1471 830 1525 Romuli
854 1479 883 1540 9,
908 1476 949 1525 10.
987 1474 1044 1526 tem
1065 1489 1093 1526 e-

631 1544 706 1596 state
742 1541 887 1596 intercidit
923 1542 1006 1597 Fabii
1038 1491 1093 1596 Su-

630 1614 722 1667 teonis
750 1613 908 1683 triumphus
932 1617 975 1680 41,
1001 1619 1024 1670 7.
1063 1614 1093 1668 in

629 1685 768 1755 Hispania
779 1701 808 1739 se
818 1684 907 1739 movit
916 1684 986 1738 belli
993 1685 1094 1740 Punici

630 1756 746 1810 secundi
759 1759 869 1826 t.53,1.
889 1756 1009 1810 Asiatici
1023 1757 1093 1811 belli
1119 1776 1125 1787 ·

629 1830 707 1882 mota
729 1831 750 1883 t.
775 1833 879 1896 65,16.
916 1826 1091 1882 Mithridatis

629 1899 749 1954 classem
776 1900 911 1968 adgressa
938 1901 957 1952 t.
984 1904 1028 1967 98,
1051 1906 1091 1954 14.

629 1969 770 2037 Mariana,
809 1969 924 2036 Syllana
956 1971 975 2022 1.
1001 1970 1093 2024 unde?

630 2046 743 2108 114,12.
777 2039 893 2106 Syllana
909 2041 929 2092 t.
945 2039 1020 2093 intra
1035 2041 1092 2094 lta·

629 2111 699 2164 liam
708 2111 876 2164 detonuerat
887 2115 946 2176 139,
954 2116 977 2164 2.
998 2111 1093 2165 sidera

629 2183 716 2236 flexus
739 2183 907 2250 tempestate
931 2181 1093 2250 significant

632 2257 739 2320 155,17

92 2327 199 2380 Brutus
222 2327 251 2378 et
274 2323 386 2379 Cassius
410 2323 558 2378 Caesarem
612 2325 774 2394 templum
792 2322 898 2377 Statori
912 2323 973 2376 Iovi
987 2324 1090 2377 Romu-

91 2396 178 2466 quasi
196 2396 226 2450 T.
247 2396 388 2466 depulisse
410 2411 497 2466 regno
516 2394 557 2448 ri-

92 2469 235 2522 debantur
255 2472 362 2536 158,16

72 2540 104 2596 S.
130 2538 353 2608 Tarquinius,
382 2536 500 2607 Superbi
528 2536 556 2604 f,

92 2609 194 2665 Gabiis
228 2609 405 2679 transfugam
443 2608 558 2662 simulat

93 2688 142 2750 13,
167 2687 209 2735 21.
254 2680 401 2734 Lucretiae
431 2683 558 2749 stuprum

92 2752 303 2822 intuleram

72 2825 107 2879 in
136 2823 342 2878 Tarraconis
370 2822 556 2876 maritimis

93 2896 239 2965 Augustus
262 2912 305 2949 res
326 2911 376 2964 per
398 2894 508 2965 legatos
527 2893 557 2946 in

94 2966 249 3021 Cantabria
263 2968 358 3036 gestas
373 2965 556 3035 accepit179,

94 3043 138 3093 13.
171 3037 366 3091 describuntur
386 3041 444 3104 185,
460 3042 494 3090 22

72 3127 142 3162 cum
167 3109 198 3163 T.
223 3109 323 3162 Tatio
351 3125 407 3178 pax
434 3108 512 3161 facta
540 3124 557 3160 a

93 3180 215 3234 Romulo
238 3184 267 3248 8,
293 3184 334 3233 19.
379 3178 478 3233 Sabini
505 3178 556 3230 im-

630 2396 673 2449 lus
692 2397 776 2449 vovet
790 2400 815 2461 8,
830 2400 872 2448 18.
901 2395 920 2448 t.
941 2394 975 2447 de
994 2411 1091 2448 manu-

629 2467 685 2521 biis
707 2468 854 2535 captarum
872 2464 985 2518 urbium
1003 2465 1093 2520 erexit

629 2537 797 2606 Tarquinius
813 2541 854 2599 14,
866 2541 890 2590 5.
918 2537 1025 2607 templa
1040 2537 1092 2592 Ca-

630 2609 751 2664 storibus
770 2609 800 2660 in
818 2607 926 2677 proelio
946 2609 1023 2678 apud
1038 2610 1092 2664 Re-

629 2680 693 2750 gilli
719 2679 814 2733 lacum
840 2679 1000 2733 Postumius
1029 2698 1091 2751 pro·

629 2751 708 2805 misit
733 2753 761 2805 et
784 2750 910 2805 reddidit
934 2757 980 2819 19,
1001 2757 1024 2806 9.
1061 2752 1092 2806 in

630 2823 781 2877 certamine
822 2840 886 2875 cum
927 2822 1091 2876 Sallentinis

628 2895 766 2964 templum
789 2894 844 2948 sibi
863 2892 945 2946 Pales
963 2893 1093 2962 poposcit

630 2971 725 3035 37,10.
745 2982 823 3019 arma
839 2965 965 3018 detracta
977 2965 1090 3034 templis

627 3040 693 3108 post
720 3037 858 3106 proelium
886 3037 955 3104 aput
981 3034 1091 3090 Cannas

629 3114 672 3175 55,
688 3115 729 3162 15.
759 3105 872 3162 Caesari
891 3106 965 3159 circa
983 3107 1091 3177 templa

629 3179 766 3249 imagines
786 3179 916 3232 decretae
935 3182 1025 3245 154,3

92 3267 231 3305 memores
259 3251 353 3304 factae
377 3250 428 3303 sub
452 3250 483 3303 T.
507 3250 557 3303 ad·
611 3250 813 3318 Tencteri(?)
829 3249 863 3302 de
874 3248 1011 3302 Germano
1024 3265 1090 3316 que-

93 3321 214 3375 111111
233 3327 275 3390 ar,
291 3328 324 3375 re

73 3411 112 3448 ex
130 3393 243 3448 taxeis
258 3392 404 3447 arboribus
419 3408 557 3446 venenum

628 3321 762 3375 rebantur
773 3327 832 3387 108,
844 3326 867 3375 8.
887 3336 934 3373 eos
944 3336 1091 3389 percucur-

629 3392 667 3445 rit
684 3393 790 3445 Drusus
811 3397 870 3460 174,
886 3395 901 3444 5

94 3465 172 3534 apud
204 3463 359 3519 Cantabros
394 3463 558 3533 exprimitur
612 3463 639 3518 C.
673 3463 854 3518 Terentius
887 3463 993 3516 Varro
1026 3466 1092 3533 post

96 3541 158 3606 119,
173 3541 188 3588 e

630 3534 739 3589 Cannas
758 3553 814 3590 non
828 3534 989 3604 desperavit
1003 3540 1090 3604 54,18
