2334 3922
100 192 162 248 LVI
404 192 612 245 PRAEFATIO
630 192 801 245 EDITORIS

100 362 132 420 in
154 360 238 420 illius
261 359 403 419 laudibus
427 351 478 441 (de
502 361 585 419 clem.
610 359 624 420 I
645 362 732 438 9sq.;
760 358 797 418 de
820 358 866 418 ira
888 358 1115 436 11123,4sq.;

101 453 153 527 40,
175 452 260 527 2sq3
283 450 319 508 de
342 448 439 509 benef.
458 448 507 507 ΙΙΙ
526 451 580 525 27;
604 441 700 531 alibi).
737 447 925 524 probabilius
947 447 1047 526 igitur
1071 451 1117 509 est

101 538 344 598 anachronismos
365 537 434 597 illos
448 537 531 597 Flori
551 556 586 596 ex
600 537 731 597 Senecae
749 537 845 614 patris
864 555 953 614 opere
971 536 1116 598 historico

103 627 249 704 originem
276 627 384 686 ducere
413 645 504 703 quam
531 646 568 686 ex
596 627 660 685 ullo
689 625 758 686 alio.
803 645 892 703 porro
920 627 996 685 miro
1026 628 1115 687 modo

101 716 184 775 Flori
207 715 437 792 descriptionem
460 715 532 774 belli
556 715 653 776 civilis
677 714 853 791 Pompeiani
876 734 945 774 cum
968 715 1116 794 Lucani,

103 804 232 865 Senecae
264 804 392 864 rhetoris
425 805 558 882 nepotis,
590 797 778 884 Pharsalia¹)
811 804 967 864 concinere
1000 804 1117 864 dudum

102 894 297 955 observatum
324 896 370 952 est
397 893 434 952 ab
464 892 622 970 utriusque
646 892 800 969 scriptoris
824 892 999 953 editoribus.
1048 912 1116 953 cum

103 985 205 1042 autem
236 982 256 1041 l.
287 1001 310 1042 c.
328 1002 367 1058 p.
393 983 455 1042 168
467 1000 509 1058 sq.
532 982 614 1041 locos
642 982 835 1060 gravissimos
866 981 911 1041 ita
944 981 982 1043 ob
1013 984 1118 1044 oculos

101 1071 254 1148 posuerim
286 1073 322 1130 ut
348 1071 432 1129 facili
458 1070 580 1148 negotio
613 1071 691 1130 inter
723 1089 754 1130 se
788 1065 956 1147 comparari
990 1072 1118 1150 possint,

102 1160 151 1219 hic
175 1159 283 1218 dixisse
311 1158 444 1219 sufficiat
465 1159 549 1219 Flori
576 1160 667 1218 verba
698 1178 774 1236 quae
795 1160 939 1237 legantur
960 1160 992 1219 lI
1014 1162 1063 1239 13,
1082 1163 1117 1236 43

104 1252 137 1325 83
168 1251 222 1326 143
251 1250 308 1325 203
339 1251 393 1324 30;
422 1250 478 1325 323
507 1251 560 1325 35;
592 1251 647 1324 46,
676 1251 731 1325 563
763 1252 818 1325 603
843 1249 884 1308 65
909 1267 978 1308 cum
1000 1249 1117 1309 Lucani

104 1337 330 1414 versibus113
361 1339 437 1415 133,
468 1339 544 1413 1253
574 1339 651 1414 109,
683 1337 714 1396 ΙΙ
733 1339 796 1397 708
816 1349 847 1397 44
867 1340 944 1415 725;
972 1338 1017 1397 IV
1036 1340 1117 1416 4023

104 1429 168 1487 448
193 1430 224 1486 44
247 1429 325 1503 496;
362 1425 461 1503 Ἦ3;
497 1425 650 1502 vilaro,
683 1426 807 1502 X1053
840 1425 1014 1506 VII14743
1053 1430 1117 1488 273

103 1519 167 1576 tam
195 1518 262 1575 arta
290 1515 468 1592 cognatione
496 1514 656 1574 coniuncta
684 1533 748 1574 esse
779 1519 816 1575 ut
837 1534 910 1575 casu
933 1518 988 1575 aut
1014 1518 1117 1580 eodem

104 1605 185 1682 quod
221 1608 349 1680 uterque
386 1604 565 1663 tractaverit
600 1607 777 1682 argumento
809 1605 866 1664 hoc
902 1605 1020 1664 factum
1053 1624 1118 1665 esse

103 1693 340 1770 haudquaquam
371 1692 462 1752 liceat
494 1692 680 1753 contendere.
733 1693 786 1770 qui
818 1711 981 1753 consensus
1014 1714 1118 1772 quam·

104 1801 196 1859 quam
225 1800 243 1840 a
270 1781 409 1858 plurimis
436 1782 481 1841 ita
508 1782 676 1858 explicatur
705 1785 742 1841 ut
763 1782 872 1841 Florus
895 1783 1020 1843 Lucano
1045 1802 1117 1842 usus

106 1889 170 1930 esse
204 1870 336 1947 dicatur,
367 1872 470 1930 tamen
500 1871 660 1947 utriusque
692 1871 791 1931 verbis
820 1871 991 1931 accuratius
1021 1873 1116 1932 consi·

105 1959 218 2019 deratis
242 1978 277 2018 eo
300 1958 388 2019 modo
412 1962 496 2019 crtus
520 1977 584 2019 esse
607 1959 797 2037 intellegitur
818 1963 855 2019 ut
878 1960 1006 2019 eundem
1030 1961 1116 2020 ambo

105 2052 259 2108 auctorem
286 2047 384 2107 secuti
411 2049 479 2107 sint.
525 2048 678 2124 prooemio
708 2049 788 2108 euim
810 2048 926 2108 Lucani
949 2049 1027 2108 nihil
1050 2069 1116 2110 oon·

104 2137 196 2197 tineri
218 2136 277 2196 nisi
305 2136 569 2214 exaggerationem
596 2139 627 2197 et
653 2136 811 2197 verbosam
833 2137 1047 2214 repetitionem
1070 2158 1115 2198 co·

104 2227 177 2287 loris
201 2226 276 2286 bella
297 2227 370 2301 plus
397 2244 485 2299 qaam
512 2227 611 2285 cicilia
638 2225 700 2284 iam
726 2226 839 2287 Fronto
867 2246 896 2302 p.
917 2228 979 2288 157
999 2228 1038 2287 N.
1068 2227 1117 2288 ob·

106 2316 252 2394 servavit,
285 2335 353 2376 cum
379 2315 488 2375 Florus
515 2314 617 2392 1113,
641 2316 660 2371 4
689 2317 762 2391 apta
789 2315 966 2393 gradatione
995 2335 1014 2375 a
1042 2317 1118 2376 cicili

107 2405 177 2463 bello
197 2404 235 2463 ad
253 2405 366 2473 sociale,
390 2404 460 2463 dein
483 2403 521 2462 ad
541 2407 689 2463 cateruam
707 2408 739 2463 et
755 2421 906 2464 coarmata
924 2421 958 2464 ea
976 2407 1117 2475 comitae,

107 2491 237 2569 denique
260 2493 298 2551 ad
316 2493 388 2566 plac
411 2511 499 2567 paam
523 2494 627 2552 bellam
650 2493 799 2553 ascendat.
842 2493 955 2554 similes
978 2497 1052 2554 sunt
1073 2514 1117 2554 re·

106 2580 184 2659 liqui
215 2581 275 2641 loci
307 2580 416 2657 quibus
443 2580 605 2640 historicus
633 2581 782 2658 simplicia
810 2584 841 2642 et
866 2583 964 2660 magis
996 2583 1119 2661 propria

106 2668 198 2730 verba
227 2671 417 2744 superiorem,
441 2671 580 2738 debitum,
604 2672 707 2739 actem,
735 2672 840 2744 forma,
864 2689 1020 2745 oppressae
1042 2675 1119 2731 eirca

106 2757 198 2817 habet
221 2777 239 2817 a
261 2760 352 2834 poeta
375 2759 413 2818 ob
436 2761 564 2818 metrum
589 2759 638 2820 vel
658 2760 733 2818 alias
751 2760 788 2820 ob
808 2778 914 2820 causas
932 2760 964 2819 in
977 2762 1118 2835 priorem,

106 2865 207 2915 saara,
231 2848 348 2916 bellum,
371 2849 484 2916 eattae,
507 2849 646 2907 subvertit
667 2865 734 2922 opes
756 2851 883 2910 mutata.
929 2853 1022 2926 atque
1046 2851 1119 2910 adeo

106 2936 139 2995 in
161 2936 334 2997 narratione
358 2936 580 3015 strategematis
604 2935 733 2996 Cilicum
756 2937 906 2998 sociorum
930 2938 1067 3015 Pompeii
1090 2938 1120 2997 id

107 3026 189 3104 quod
212 3024 293 3102 apud
315 3026 439 3086 Florum
462 3029 507 3086 est
529 3043 606 3085 noca
629 3018 651 3107 (·
667 3025 699 3084 i·
722 3026 861 3087 inaudita
883 3029 914 3086 ot
935 3020 1028 3110 mira)
1060 3031 1122 3087 arte

181 3216 206 3283 1)
226 3213 404 3268 Pharsaliam
430 3211 516 3266 etiam
534 3228 609 3266 nunc
626 3211 734 3266 Lucani
753 3229 865 3268 carmen
883 3213 1005 3284 appello,
1025 3231 1122 3283 quam·

109 3301 193 3352 quam
218 3283 243 3338 is
267 3283 316 3352 qui
340 3285 406 3338 aute
429 3283 480 3337 hos
503 3286 560 3338 tres
584 3300 673 3338 annos
695 3283 769 3337 illud
792 3284 883 3338 edidit
907 3284 1122 3355 inscriptionem

108 3356 141 3409 de
168 3357 235 3410 bello
262 3357 339 3410 cicili
367 3371 401 3408 ex
429 3353 572 3408 codicibus
601 3354 734 3410 restituit.
772 3359 884 3411 constet
912 3355 988 3410 enim
1014 3357 1123 3412 Lucani

108 3424 197 3495 ipsius
213 3425 261 3496 (IX
272 3429 334 3496 985)
349 3428 378 3480 et
392 3424 477 3480 Statii
492 3424 563 3496 (silv.
574 3425 601 3479 H
615 3432 639 3495 7,
653 3428 698 3494 66)
712 3426 883 3481 testimoniis
898 3427 986 3482 etiam
1000 3427 1124 3483 alterum

108 3512 211 3550 nomen
233 3496 277 3550 illi
301 3496 408 3566 imponi
428 3496 542 3551 solitum
561 3513 629 3552 esse.
668 3497 702 3552 cf.
723 3514 795 3566 quae
815 3497 873 3552 dixi
892 3497 923 3552 in
941 3499 1124 3569 ephemeride

111 3567 261 3621 ‘Deutsche
280 3567 561 3638 Litteraturaeitung'
581 3567 646 3623 XIV
664 3572 755 3638 (1893)
773 3588 799 3638 p.
817 3575 875 3625 717.
