2334 3922
117 178 182 242 160
477 180 588 230 FLORI
605 179 765 229 EPITOMA

115 349 147 405 in
175 344 309 405 Caesaris
339 346 445 404 castris
473 346 571 403 omnia
584 339 585 344 ’
599 362 666 403 aves
693 345 888 421 victimaeque
917 343 1118 421 promiserant.

117 434 168 495 sed
192 433 267 493 nihil
289 433 340 493 illo
363 434 563 513 praesentius,
591 431 669 512 quod
693 431 827 492 Caesaris
850 431 985 491 modicus
1011 433 1119 491 somnio

116 523 283 583 admonitus
317 529 362 582 est
393 529 426 582 ut
453 521 561 582 Caesar
588 523 693 581 castris
722 521 891 601 excederet,
925 519 1034 598 quihus
1060 521 1121 599 capi

64 625 97 674 io
116 611 302 692 imminebat3
330 618 363 671 ut
389 612 498 671 lactum
526 617 578 670 est.
625 612 688 669 acie
716 627 842 688 namque
871 611 1030 669 commissa
1059 628 1121 669 cum

115 703 181 781 pari
200 701 305 761 ardore
324 699 505 778 aliquamdiu
523 699 695 758 dimicatum
714 699 798 779 loret,
823 705 852 758 et
875 701 1011 776 quamvis
1035 698 1120 759 duces
1139 706 1147 747 t

116 790 184 850 inde
207 795 380 868 praesentes
404 789 549 868 adessent,
572 788 642 847 hinc
665 786 790 848 alterum
810 789 943 865 corporis
964 787 1121 867 aegritudo,

117 878 200 938 illum
241 884 337 938 metus
378 879 492 955 ignavia
535 875 758 956 subduxissent,
800 874 895 936 stabat
933 882 1035 935 tamen
1073 895 1120 955 pro

116 967 251 1047 partibus
275 969 382 1026 invicta
405 966 522 1025 fortuna
545 972 575 1025 et
597 965 703 1025 ultoris
727 971 757 1024 et
780 966 832 1043 qui
855 964 1070 1046 vindicabatur,
1094 972 1122 1025 ut

117 1058 214 1115 exitus
237 1055 343 1134 proelii
366 1054 472 1114 docuit.
509 1056 639 1134 primum
662 1055 735 1114 adeo
757 1071 865 1132 anceps
884 1053 941 1114 luit
959 1060 993 1114 ut
1013 1087 1055 1095 -
1075 1073 1121 1132 par

116 1147 266 1223 utrimque
286 1144 447 1204 discrimen
462 1151 602 1221 —capta
622 1145 681 1203 sint
698 1143 769 1202 hinc
783 1141 918 1202 Caesaris
932 1149 1041 1224 castra,
1059 1143 1148 1202 inde1⁰

65 1247 96 1294 11
118 1232 208 1293 Cassi.
256 1233 308 1293 scd
336 1239 445 1311 quanto
469 1232 617 1292 efficacior
641 1239 686 1292 est
709 1231 826 1291 fortuna
849 1249 938 1309 quam
961 1229 1071 1292 virtus!
1097 1238 1121 1290 et

118 1340 324 1401 quamverum
338 1329 392 1402 est,
413 1321 490 1399 quod
504 1323 635 1380 moriens
650 1317 813 1400 (sapiens)
828 1319 945 1400 efflavit,
965 1338 1026 1379 non
1042 1322 1121 1400 inre,

119 1411 170 1471 sed
195 1413 226 1470 in
248 1410 338 1472 verbo
362 1417 477 1471 tantum
501 1428 566 1470 esse
589 1407 741 1470 virtutem!
770 1411 924 1469 victoriam
946 1408 991 1470 illi
1014 1409 1120 1488 proelio

65 1512 98 1560 12
118 1518 203 1559 error
231 1500 320 1560 dedit.
366 1498 485 1559 Cassius
513 1498 654 1559 inclinato
678 1516 772 1558 comu
795 1515 917 1557 suorum
940 1516 1009 1558 cum
1034 1501 1121 1577 captis

118 1588 252 1649 Caesaris
293 1590 398 1648 castris
440 1588 542 1666 rapido
579 1590 692 1666 impetu
724 1589 903 1665 recipientes
940 1605 973 1647 se
1011 1590 1120 1665 equites
1132 1593 1151 1632 1⁵

67 1690 99 1738 13
118 1676 240 1757 videret,
261 1677 361 1754 lugere
381 1676 541 1736 arbitratus
561 1677 658 1736 evadit
675 1679 707 1736 in
725 1675 879 1736 tumulum.
917 1676 986 1735 inde
1005 1676 1121 1754 pulvere

118 1773 147 1825 et
180 1768 319 1845 strepitu,
352 1768 440 1825 etiam
472 1772 557 1825 nocte
590 1768 686 1826 vicina
718 1763 916 1825 eximentibus
950 1771 1051 1842 gestae
1083 1765 1122 1823 rei

118 1871 253 1934 sensum,
281 1873 348 1914 cum
376 1853 542 1932 speculator
566 1872 682 1934 quoque
707 1856 738 1912 in
760 1853 791 1913 id
815 1855 924 1913 missus
947 1853 1062 1914 tardius
1081 1871 1121 1912 re-

117 1945 281 2023 nuntiaret,
309 1949 491 2002 transactum
518 1942 554 2002 de
581 1942 716 2022 partibus
742 1948 824 2002 ratus
847 1944 900 2002 uni
923 1960 959 2001 ex
982 1943 1122 2021 proximis

117 2150 150 2186 m.
166 2133 195 2200 1)
214 2132 242 2185 Β
266 2133 270 2200 Ι
294 2131 443 2203 praesagio
466 2134 493 2201 (o
516 2138 636 2187 correcta
658 2147 692 2184 eac
715 2132 742 2199 a)
760 2131 788 2184 Β
808 2130 977 2200 ppraesagio
996 2132 1123 2201 (priorem

117 2206 292 2272 peupuuuit
310 2222 343 2258 m.
358 2208 377 2257 2
395 2210 420 2258 ai
438 2219 455 2256 a
472 2219 558 2272 supra
577 2203 712 2270 oposm't)
728 2201 761 2254 N
770 2203 809 2271 tii
828 2201 900 2254 nihil
918 2202 971 2256 hoc
986 2203 1013 2256 L
1029 2205 1033 2272 Ι
1050 2218 1124 2273 prae

119 2273 240 2328 stantius
259 2275 339 2328 BNr
356 2277 360 2344 t
376 2273 488 2328 omnino
508 2274 542 2327 N
555 2275 564 2344 tt
583 2278 599 2326 3
619 2271 778 2326 admonitus
799 2272 828 2341 (d
846 2280 965 2327 correcta
983 2291 1018 2328 em
1035 2277 1064 2343 n)
1078 2275 1104 2328 Β
1119 2274 1122 2335 l

118 2348 161 2399 est
179 2362 228 2399 om.
249 2346 316 2399 BN
334 2349 343 2416 ΙΙ
366 2352 383 2400 4
402 2345 462 2401 acie
482 2346 600 2415 (virgula
619 2345 660 2399 uel
678 2345 766 2398 deleta
784 2351 822 2398 est
840 2347 880 2398 oct
898 2347 1020 2414 coauuit)
1039 2346 1067 2399 Β
1084 2347 1093 2414 11
1110 2350 1124 2397 o

62 2470 66 2479 ,
119 2416 284 2483 aliquandiu
302 2418 362 2470 BL
387 2419 390 2486 Ι
417 2419 446 2470 et-
466 2433 515 2470 om.
535 2415 602 2470 BN
620 2416 624 2483 Ι
647 2414 776 2482 quamuis
797 2414 898 2468 deinde
916 2417 1080 2484 praesentes
1098 2415 1128 2469 N

118 2487 247 2553 quamuis
267 2487 351 2541 duces
369 2504 426 2541 non
444 2504 504 2541 esse
515 2530 521 2542 .
531 2487 673 2556 presentes
688 2486 715 2538 L
728 2487 737 2555 lt
752 2491 768 2538 6
788 2486 919 2540 adessent
936 2504 986 2542 om.
1002 2488 1030 2540 L
1045 2490 1049 2556 Ι
1066 2504 1126 2540 cum

119 2556 239 2610 alterum
257 2559 283 2610 L
301 2560 310 2627 tt
329 2564 343 2610 7
367 2557 483 2626 ignauia
506 2560 535 2628 (g
553 2563 673 2613 correcta
691 2575 724 2611 aa
742 2560 770 2627 n)
785 2558 813 2611 Β
834 2557 837 2628 l
859 2559 967 2610 starent
985 2559 1015 2627 (n
1033 2560 1125 2626 deleta)

118 2628 146 2680 Β
170 2629 277 2680 starent
297 2627 329 2683 C:
353 2646 420 2683 corr.
441 2629 592 2684 Salmasius
616 2628 621 2700 Ι
645 2629 705 2680 tam
726 2629 750 2679 L
772 2630 781 2698 tt
804 2633 820 2681 8
839 2627 1059 2683 uindicabantur
1076 2630 1102 2683 L
1122 2674 1123 2681 ,

118 2700 151 2750 ut
179 2699 238 2766 (om.
263 2700 301 2765 B)
329 2698 419 2752 exitus
447 2699 548 2768 proclii
576 2697 685 2769 (proelij
714 2701 818 2754 iuserta
840 2717 873 2754 m.
898 2705 913 2753 1
938 2699 1062 2769 litteraj
1087 2700 1127 2768 N)

120 2768 217 2822 docuit
234 2775 298 2837 post
322 2769 471 2824 discrimen
494 2774 541 2841 (vs.
561 2774 618 2840 10):
642 2773 812 2837 transposuit
835 2771 985 2826 Salmasius
1008 2770 1127 2840 primum

119 2840 195 2895 acies
214 2856 316 2909 anceps
335 2839 390 2892 fuit
408 2844 437 2894 et
454 2858 506 2910 par
524 2841 663 2910 utrimque
683 2840 845 2910 discrimen,
869 2843 902 2894 ut
919 2840 1011 2895 exitus
1030 2841 1128 2912 proelii

119 2911 216 2966 docuit
235 2913 377 2980 Sauppius
395 2913 404 2981 ΙΙ
423 2917 438 2964 9
457 2914 490 2964 ut
508 2931 557 2968 om.
577 2914 611 2967 N
627 2916 631 2983 Ι
652 2915 681 2966 et
697 2929 750 2981 par
767 2912 794 2964 L
813 2913 923 2967 Mouuc.
942 2914 951 2982 ll
971 2918 1005 2966 10
1024 2916 1126 2967 utrum-

119 3001 173 3052 quc
200 2983 269 3038 BN
292 2982 423 3049 utrinque
447 2984 538 3038 Putat.
564 2985 649 3039 Reid.
669 2985 778 3051 utrique
798 2984 825 3036 L
851 2983 963 3051 utrique
992 2985 1125 3040 Monac*

120 3057 197 3109 sunt:
217 3072 285 3109 corr.
297 3054 330 3108 L,
342 3054 501 3124 Speupelius
514 3056 523 3124 ΙΙ
538 3061 569 3108 11
586 3054 669 3109 classi
684 3055 711 3107 Β
726 3052 810 3107 cassii
824 3055 858 3107 N
869 3053 983 3108 cassius.
995 3056 1022 3108 L
1040 3060 1044 3125 Ι
1061 3056 1128 3110 etB

120 3144 155 3180 en
183 3127 313 3181 Halmius
336 3127 345 3194 ΙΙ
369 3130 400 3177 12
430 3126 458 3177 et
481 3132 543 3180 aute
566 3127 641 3194 quod
664 3127 727 3181 add.
748 3125 775 3178 B
800 3129 804 3193 1
830 3125 941 3195 sapiens
966 3127 1078 3195 addidi,
1105 3146 1126 3182 o.

116 3202 288 3266 p.15(),11;
307 3202 401 3264 161,5
420 3195 522 3249 Brutus
544 3197 649 3251 Tollius
669 3200 673 3266 Ι
694 3194 805 3250 effrauit
824 3197 846 3265 (l
862 3214 921 3266 sup.
941 3214 956 3249 r
973 3216 1007 3252 ru.
1029 3201 1055 3268 1)
1075 3199 1108 3251 N
1123 3198 1126 3268 ζ

120 3286 174 3322 non
194 3269 305 3322 resedet
322 3267 343 3337 (i
360 3284 447 3336 supra
464 3271 490 3321 2.
507 3283 521 3321 e
540 3285 573 3322 m.
589 3270 619 3337 2)
638 3267 669 3321 in
683 3269 717 3321 N
730 3284 787 3321 non
804 3267 910 3321 residet
928 3267 958 3321 in
972 3269 999 3322 L
1013 3271 1023 3339 ΙΙ
1038 3274 1072 3323 14
1090 3285 1128 3323 er-

119 3356 181 3393 rore
201 3342 228 3394 Β
244 3344 248 3408 1
265 3338 355 3408 capiis
379 3341 402 3407 (s
421 3340 538 3393 iuseruii
555 3357 588 3392 m.
606 3341 631 3407 1)
648 3340 680 3391 N
695 3341 704 3408 ΙΙ
725 3344 757 3391 15
776 3338 876 3392 castris
895 3356 944 3393 om.
961 3339 988 3392 L
1005 3341 1015 3409 ΙΙ
1036 3345 1068 3393 16
1087 3342 1128 3393 tu-

121 3411 227 3464 mulum
247 3410 315 3478 (lum
333 3429 366 3464 m.
382 3416 398 3464 1
417 3411 449 3464 iu
466 3427 520 3464 ras.
536 3416 665 3480 quattuor
685 3412 792 3464 circiter
806 3410 969 3479 litterarum)
984 3410 1018 3464 N
1031 3413 1035 3479 Ι
1052 3410 1128 3464 Unde

121 3482 147 3533 L
166 3484 175 3550 tt
194 3487 227 3533 17
245 3480 287 3534 rei
305 3483 402 3549 gestae
421 3482 448 3535 L
461 3484 470 3551 ΙΙ
485 3485 518 3534 1s
538 3480 681 3550 speculato
701 3482 727 3534 L
743 3485 746 3548 Ι
762 3479 907 3534 nuntiaret
924 3483 951 3535 B
970 3481 1130 3536 enuntiaret

121 3552 155 3605 N
167 3554 177 3619 fl
197 3557 229 3604 19
248 3553 326 3605 ratris
346 3553 466 3623 (virgula
484 3555 572 3622 erasa)
591 3553 619 3606 Β
637 3555 729 3605 ratum
749 3550 789 3621 01
805 3551 954 3621 aproximis
974 3553 1001 3605 L
