2334 3922
466 158 493 227 1,
512 163 546 212 40
565 159 627 230 (nr,
648 162 685 229 a).
1006 148 1008 152 ‘
1039 160 1081 227 99

70 325 140 386 beri
160 324 261 404 Caspii
279 325 384 385 Albani
397 327 437 386 ‘et
459 332 602 403 utraeque
627 325 825 387 sollicitantur
842 328 1007 409 Armeniae,
1028 348 1083 408 per

72 433 150 494 quae
174 416 273 474 omnia
297 414 387 475 decus
411 422 441 475 et
463 432 572 474 nomen
595 421 626 475 et
647 415 749 475 titulos
772 415 912 496 Pompeio
937 435 990 477 suo
1011 416 1082 478 For-

69 512 144 564 tuna
182 504 350 582 quaerebat.
402 506 454 581 qui
485 503 537 564 ubi
569 506 653 563 novis
685 504 815 565 motibus
848 504 951 566 ardere
983 507 1082 567 hsiam
1100 519 1134 568 22

70 592 151 653 videt
184 592 316 671 aliosque
345 611 382 652 ex
410 592 475 652 aliis
502 593 622 671 prodire
650 611 750 674 reges,
782 593 856 653 nihil
883 596 1082 656 cunctandum

41 689 164 762 aratus,
186 684 360 760 priusquam
383 683 462 741 inter
486 699 517 741 se
541 683 675 760 gentium
698 681 805 742 robora
829 685 956 764 coirent,
981 687 1081 744 statim

64 778 155 851 ponte
184 769 307 831 navibus
335 771 411 831 facto
440 772 572 830 omnium
599 777 667 831 ante
693 789 725 831 se
748 773 864 850 primus
886 776 995 832 transit
1017 772 1075 834 Eu-

64 860 192 939 phraten
219 877 379 938 regemque
409 860 571 937 fugientem
598 860 697 919 media
725 867 850 921 nanctus
874 862 1012 922 Armenia
1036 896 1078 904 —

65 956 175 1028 quanta
205 948 330 1008 felicitas
362 951 420 1007 viri
448 981 489 990 ·-
518 966 577 1008 uno
610 948 723 1026 proelio
752 951 886 1010 coniecit.
932 958 1078 1011 nocturna
1096 963 1130 1012 23

65 1057 99 1098 ea
137 1037 288 1098 dimicatio
325 1038 381 1098 fuit
418 1045 448 1097 et
479 1036 562 1097 Luna
592 1039 624 1097 in
655 1038 798 1116 partibus
850 1041 959 1119 quippe
994 1043 1078 1119 quasi

24 1141 50 1180 10
66 1126 264 1188 commilitans
289 1125 343 1186 dea
363 1144 429 1187 cum
451 1145 467 1186 a
485 1132 569 1204 tergo
589 1144 620 1186 se
640 1126 785 1207 hostibus,
809 1146 826 1187 a
844 1128 918 1188 facie
937 1128 1077 1189 Romanis

64 1215 265 1296 praebuisset,
287 1215 402 1275 Pontici
425 1233 480 1294 per
503 1233 636 1275 errorem
659 1214 776 1293 longius
800 1216 933 1277 cadentis
956 1217 1077 1278 umbras

65 1323 134 1365 suas
159 1306 244 1383 quasi
266 1304 397 1364 hostium
421 1321 544 1382 corpora
567 1303 715 1382 petebant.
742 1303 783 1364 'et
801 1305 988 1366 Mithridates
1013 1309 1077 1384 qui·
1097 1318 1133 1368 24

65 1395 133 1454 dem
161 1400 248 1454 nocte
277 1393 325 1453 illa
354 1392 516 1453 debellatus
546 1399 599 1452 est.
645 1392 721 1452 nihil
748 1395 828 1453 enim
854 1401 957 1473 postea
979 1395 1079 1476 valuit,

65 1501 243 1562 quamquam
276 1485 373 1542 omnia
402 1488 546 1560 ¹arpertus
579 1500 662 1541 more
696 1485 851 1563 anguium,
884 1486 936 1561 qui
968 1486 1077 1562 optrito

24 1584 48 1625 15
65 1575 162 1650 capite
185 1579 369 1651 postremum
394 1571 486 1631 cauda
508 1572 668 1631 minantur.
707 1574 815 1650 quippe
838 1590 906 1632 cum
924 1572 1078 1651 effugisset
1097 1587 1131 1635 25

63 1661 181 1721 hostem
200 1659 317 1721 Colchis
336 1667 433 1740 tenus,
452 1661 575 1737 iungere
594 1659 757 1742 Bosporon,
781 1660 850 1720 inde
869 1679 923 1740 per
943 1661 1078 1722 Thracen

62 1749 323 1828 Macedoniamque
356 1757 386 1809 et
413 1748 567 1809 Graeciam
598 1749 762 1830 transilire,
795 1752 838 1809 sic
866 1749 979 1810 ltaliam
1007 1769 1076 1811 nec-

62 1841 199 1917 opinatus
222 1839 361 1899 invadere
384 1845 499 1898 tantum
522 1839 669 1916 cogitavit.
707 1837 759 1898 sed
781 1839 946 1900 defectione
966 1841 1075 1900 civium
1095 1855 1129 1905 26

60 1927 280 2005 Pharnacisque
309 1927 352 1986 fili
379 1926 492 1986 scelere
519 1933 698 2016 prpeventus
729 1927 804 1988 male
828 1935 1004 2007 temptatum
1028 1947 1075 1989 ve-

21 2029 47 2068 20
61 2035 138 2076 neno
162 2019 301 2095 spiritum
324 2017 404 2076 ferro
427 2014 547 2093 expulit.

132 2104 250 2165 Gnaeus
270 2107 390 2165 interim
404 2104 527 2181 Magnus
546 2102 666 2163 rebellis
680 2104 765 2164 Asiae
785 2103 927 2182 reliquias
947 2123 1076 2184 sequens
1095 2123 1128 2172 27

62 2213 117 2273 per
155 2193 272 2254 diversa
310 2195 443 2272 gentium
478 2199 685 2270 terrarumque
718 2191 864 2252 volitabat.
914 2212 983 2253 nam
1020 2193 1074 2255 sub

63 2285 210 2343 orientem
243 2289 363 2343 secutus
395 2283 564 2362 Armenios,
602 2283 709 2361 captis,
741 2283 806 2360 ipso
839 2285 934 2360 capite
968 2285 1075 2364 gentis,

134 2477 148 2524 1
169 2471 315 2540 ultraeque
335 2470 355 2540 (1
373 2472 462 2539 erasa)
480 2470 508 2522 Β
524 2472 528 2539 1
543 2485 648 2538 perque
669 2468 751 2538 0112
789 2469 877 2524 loriae
892 2477 956 2540 post
973 2469 1076 2526 titulus

60 2545 120 2613 (sic)
139 2544 205 2598 odd.
219 2544 257 2610 Β,
275 2549 305 2598 at
319 2544 353 2610 cf.
365 2559 394 2611 p.
411 2545 520 2609 31,13;
538 2541 608 2595 alebi
626 2543 636 2610 11
654 2545 670 2593 3
689 2488 846 2608 querebant
863 2543 890 2596 L
906 2543 910 2611 1
925 2542 1006 2596 nobie
1022 2545 1050 2598 Β
1067 2544 1070 2610 1

59 2619 75 2667 6
98 2612 214 2667 transiit
232 2615 257 2665 B
281 2617 285 2683 1
308 2613 436 2667 eufraten
454 2613 488 2666 N
501 2611 617 2665 Eufrate
636 2612 709 2679 BL,
731 2631 755 2667 o.
774 2630 842 2668 mua.
862 2613 950 2670 Rbec.
971 2615 1049 2669 XLI

57 2687 155 2754 (1889)
174 2703 204 2754 p.
223 2690 279 2739 102
303 2686 312 2755 11
334 2689 349 2737 7
372 2685 472 2738 nactus
496 2683 523 2736 L
544 2686 554 2752 1
578 2688 611 2737 10
635 2682 824 2738 commilitans
849 2701 913 2738 cum
936 2685 1074 2753 quesidee

57 2755 295 2826 Β11111111]
317 2757 321 2824 Ι
343 2754 466 2808 romanis
486 2753 540 2824 (nis
560 2755 623 2809 cdd.
639 2772 672 2808 m.
689 2757 720 2823 2)
734 2755 768 2808 N
787 2758 796 2825 11
820 2762 851 2809 11
872 2757 1005 2811 cadentes
1026 2757 1074 2828 011

58 2833 91 2881 13
112 2826 205 2881 ualuit
223 2844 272 2882 om.
288 2828 316 2881 Β
329 2828 338 2895 11
358 2832 392 2879 14
411 2825 547 2896 angiuum
560 2824 587 2878 L
607 2829 612 2892 1
634 2824 739 2895 optrito
757 2828 904 2897 (posterior
923 2844 939 2881 o
955 2835 1075 2883 correcto

57 2915 91 2954 eac
109 2901 167 2968 um)
186 2899 215 2952 Β
233 2898 337 2952 obtrito
355 2897 401 2966 011
423 2902 456 2950 15
473 2899 647 2966 postremum
665 2899 698 2952 io
715 2900 857 2966 postremo
875 2900 992 2954 mutavit
1005 2899 1046 2952 13¹
1065 2897 1075 2970 11

58 2975 91 3023 16
107 2969 219 3023 colchos
233 2969 263 3039 (h
276 2987 336 3039 sup.
350 2985 417 3024 cers.
428 2968 462 3023 N
467 2969 486 3036 ¹)
502 2966 610 3022 siciliae
626 2983 735 3035 quoque
749 2968 835 3023 litora
850 2972 878 3023 et
892 2986 954 3023 cam
976 2967 1071 3022 11111111

56 3043 183 3094 nostram
211 3040 305 3095 subito
333 3040 458 3094 aduentu
483 3041 587 3093 terrere
611 3038 703 3094 uoluit
726 3039 766 3094 sio
790 3040 858 3094 felix
877 3047 941 3110 poet
984 3041 1074 3093 ostem

56 3113 120 3167 add.
138 3112 211 3179 Gcf.
222 3129 251 3182 p.
268 3118 315 3180 96,
328 3117 382 3179 24,
400 3115 466 3179 102,
481 3116 498 3165 6
515 3115 519 3181 1
534 3110 696 3180 bosphoron
714 3111 948 3182 ΒΒ111111111111
965 3110 988 3165 0
1007 3113 1017 3178 1
1040 3117 1071 3164 17

56 3199 111 3252 que
130 3199 181 3238 om.
203 3184 250 3253 011
272 3189 305 3238 18
323 3182 440 3236 tandem
458 3182 600 3252 Souppius
615 3184 619 3250 1
636 3182 686 3236 sed
706 3181 863 3236 defectione
882 3184 909 3236 Β
927 3180 1070 3251 perdefec-

55 3254 236 3323 1101111101
259 3260 292 3307 19
316 3252 494 3321 famosisque
519 3253 542 3308 0
564 3255 568 3321 1
593 3251 647 3306 filii
670 3253 731 3308 BL
753 3253 806 3307 filii
830 3255 938 3323 (ultimo
959 3252 1074 3321 iaupra

55 3343 162 3381 aereum
181 3343 214 3380 m.
233 3328 263 3395 2)
283 3326 317 3381 N
335 3329 344 3395 11
368 3330 400 3378 21
420 3323 533 3378 rebellis
557 3324 578 3392 (i
597 3326 629 3378 iu
649 3340 664 3378 e
684 3327 851 3380 mutabitur.
871 3326 933 3393 rec.)
952 3324 986 3377 N
1004 3325 1014 3392 1
1037 3328 1071 3376 22

54 3414 129 3451 nunc
158 3396 210 3450 sub
240 3397 294 3466 011
320 3402 354 3450 23
381 3398 481 3464 captae
509 3394 602 3465 gentis
632 3397 767 3463 atrapens
796 3394 951 3464 supplicem
978 3397 1073 3451 ceteris

55 3469 160 3524 01111111
179 3469 207 3522 Β
228 3470 232 3537 1
252 3467 282 3521 in
305 3474 369 3523 oute
392 3467 453 3536 ipso
478 3468 542 3523 odd.
564 3467 639 3521 Occi
662 3465 724 3534 ipso
743 3465 836 3535 capite
855 3468 889 3534 cf.
906 3484 937 3536 p.
959 3471 1010 3535 88,
1030 3473 1044 3521 1
1067 3467 1070 3539 1

57 3539 153 3609 gentis
174 3540 307 3609 satrapen
325 3540 445 3594 Ialmiue

828 3625 864 3679 *q*
