<?xml version="1.0" encoding="UTF-8"?>
<!DOCTYPE html PUBLIC "-//W3C//DTD XHTML 1.0 Transitional//EN"
    "http://www.w3.org/TR/xhtml1/DTD/xhtml1-transitional.dtd">
<html xmlns="http://www.w3.org/1999/xhtml" xml:lang="en" lang="en">
 <head>
  <title>
</title>
<meta http-equiv="Content-Type" content="text/html;charset=utf-8" />
  <meta name='ocr-system' content='tesseract 3.04.00' />
  <meta name='ocr-capabilities' content='ocr_page ocr_carea ocr_par ocr_line ocrx_word'/>
</head>
<body>
  <div class='ocr_page' id='page_1' title='image "./lannaeifloriepi04florgoog_0229.png"; bbox 0 0 2334 3922; ppageno 0'>
   <div class='ocr_carea' id='block_1_1' title="bbox 108 159 756 225">
    <p class='ocr_par' dir='ltr' id='par_1_1' title="bbox 108 159 756 225">
     <span class='ocr_line' id='line_1_1' title="bbox 108 159 756 225; baseline -0.02 -1"><span class='ocrx_word' id='word_1_1' title='bbox 108 159 171 225; x_wconf 79' lang='grc'>156</span> <span class='ocrx_word' id='word_1_2' title='bbox 469 161 579 213; x_wconf 80' lang='lat' dir='ltr'>rnonr</span> <span class='ocrx_word' id='word_1_3' title='bbox 597 162 756 213; x_wconf 74' lang='lat' dir='ltr'>nemone</span> 
     </span>
    </p>
   </div>
   <div class='ocr_carea' id='block_1_2' title="bbox 19 359 853 444">
    <p class='ocr_par' dir='ltr' id='par_1_2' title="bbox 19 359 853 444">
     <span class='ocr_line' id='line_1_2' title="bbox 19 359 853 444; baseline -0.002 -20"><span class='ocrx_word' id='word_1_4' title='bbox 19 359 93 444; x_wconf 81' lang='grc'>111,4</span> <span class='ocrx_word' id='word_1_5' title='bbox 370 363 427 423; x_wconf 88' lang='lat' dir='ltr'>XV.</span> <span class='ocrx_word' id='word_1_6' title='bbox 460 362 608 423; x_wconf 83' lang='lat' dir='ltr'><strong><em>BELLVM</em></strong></span> <span class='ocrx_word' id='word_1_7' title='bbox 630 362 853 423; x_wconf 84' lang='lat' dir='ltr'><strong>MVTINENSE.</strong></span> 
     </span>
    </p>
   </div>
   <div class='ocr_carea' id='block_1_3' title="bbox 73 504 1146 1918">
    <p class='ocr_par' dir='ltr' id='par_1_3' title="bbox 108 504 1111 763">
     <span class='ocr_line' id='line_1_3' title="bbox 174 504 1110 567; baseline -0.001 -2"><span class='ocrx_word' id='word_1_8' title='bbox 174 505 272 565; x_wconf 90' lang='lat' dir='ltr'>Prima</span> <span class='ocrx_word' id='word_1_9' title='bbox 304 506 434 567; x_wconf 85' lang='lat' dir='ltr'>civilium</span> <span class='ocrx_word' id='word_1_10' title='bbox 467 513 600 567; x_wconf 91' lang='lat' dir='ltr'>motuum</span> <span class='ocrx_word' id='word_1_11' title='bbox 630 524 717 566; x_wconf 89' lang='lat' dir='ltr'>causa</span> <span class='ocrx_word' id='word_1_12' title='bbox 744 512 954 566; x_wconf 92' lang='lat' dir='ltr'>testamentum</span> <span class='ocrx_word' id='word_1_13' title='bbox 983 504 1110 565; x_wconf 78' lang='lat' dir='ltr'>Caesaris</span> 
     </span>
     <span class='ocr_line' id='line_1_4' title="bbox 108 593 1110 675; baseline 0 -21"><span class='ocrx_word' id='word_1_14' title='bbox 108 595 176 675; x_wconf 90' lang='lat' dir='ltr'>luit,</span> <span class='ocrx_word' id='word_1_15' title='bbox 205 597 290 654; x_wconf 88' lang='lat' dir='ltr'>cuius</span> <span class='ocrx_word' id='word_1_16' title='bbox 314 595 462 656; x_wconf 91' lang='lat' dir='ltr'>secundus</span> <span class='ocrx_word' id='word_1_17' title='bbox 484 595 572 655; x_wconf 90' lang='lat' dir='ltr'>heres</span> <span class='ocrx_word' id='word_1_18' title='bbox 595 594 739 655; x_wconf 80' lang='lat' dir='ltr'>Antonius</span> <span class='ocrx_word' id='word_1_19' title='bbox 761 593 925 673; x_wconf 89' lang='lat' dir='ltr'>praelatum</span> <span class='ocrx_word' id='word_1_20' title='bbox 948 593 1007 654; x_wconf 90' lang='lat' dir='ltr'>sibi</span> <span class='ocrx_word' id='word_1_21' title='bbox 1031 593 1110 654; x_wconf 86' lang='lat' dir='ltr'>Octa·</span> 
     </span>
     <span class='ocr_line' id='line_1_5' title="bbox 108 684 1111 763; baseline -0.001 -20"><span class='ocrx_word' id='word_1_22' title='bbox 108 686 188 744; x_wconf 87' lang='lat' dir='ltr'>vium</span> <span class='ocrx_word' id='word_1_23' title='bbox 220 684 322 744; x_wconf 81' lang='lat' dir='ltr'>furens</span> <span class='ocrx_word' id='word_1_24' title='bbox 355 684 532 763; x_wconf 83' lang='lat' dir='ltr'>inexpiabile</span> <span class='ocrx_word' id='word_1_25' title='bbox 561 691 662 744; x_wconf 89' lang='lat' dir='ltr'>contra</span> <span class='ocrx_word' id='word_1_26' title='bbox 691 684 878 762; x_wconf 92' lang='lat' dir='ltr'>adoptionem</span> <span class='ocrx_word' id='word_1_27' title='bbox 906 685 1046 744; x_wconf 83' lang='lat' dir='ltr'>acerrimi</span> <span class='ocrx_word' id='word_1_28' title='bbox 1072 685 1111 743; x_wconf 91' lang='lat' dir='ltr'>iu·</span> 
     </span>
    </p>

    <p class='ocr_par' dir='ltr' id='par_1_4' title="bbox 73 771 1146 1918">
     <span class='ocr_line' id='line_1_6' title="bbox 73 771 1141 852; baseline 0 -20"><span class='ocrx_word' id='word_1_29' title='bbox 73 775 192 833; x_wconf 77' lang='lat' dir='ltr'>evenis</span> <span class='ocrx_word' id='word_1_30' title='bbox 221 781 392 852; x_wconf 80' lang='lat' dir='ltr'>susceperat</span> <span class='ocrx_word' id='word_1_31' title='bbox 419 772 538 834; x_wconf 89' lang='lat' dir='ltr'>bellum.</span> <span class='ocrx_word' id='word_1_32' title='bbox 584 775 692 852; x_wconf 88' lang='lat' dir='ltr'>quippe</span> <span class='ocrx_word' id='word_1_33' title='bbox 717 791 783 833; x_wconf 89' lang='lat' dir='ltr'>cum</span> <span class='ocrx_word' id='word_1_34' title='bbox 807 775 885 833; x_wconf 88' lang='lat' dir='ltr'>intra</span> <span class='ocrx_word' id='word_1_35' title='bbox 908 779 1046 832; x_wconf 81' lang='lat' dir='ltr'>octavum</span> <span class='ocrx_word' id='word_1_36' title='bbox 1067 771 1141 832; x_wconf 79' lang='lat' dir='ltr'>dc·5</span> 
     </span>
     <span class='ocr_line' id='line_1_7' title="bbox 109 861 1112 940; baseline -0.001 -18"><span class='ocrx_word' id='word_1_37' title='bbox 109 864 220 922; x_wconf 91' lang='lat' dir='ltr'>cimum</span> <span class='ocrx_word' id='word_1_38' title='bbox 260 880 370 922; x_wconf 90' lang='lat' dir='ltr'>annum</span> <span class='ocrx_word' id='word_1_39' title='bbox 411 869 547 923; x_wconf 89' lang='lat' dir='ltr'>tenerum</span> <span class='ocrx_word' id='word_1_40' title='bbox 589 869 619 922; x_wconf 95' lang='lat' dir='ltr'>et</span> <span class='ocrx_word' id='word_1_41' title='bbox 656 861 815 922; x_wconf 82' lang='lat' dir='ltr'>obnoxium</span> <span class='ocrx_word' id='word_1_42' title='bbox 852 868 882 922; x_wconf 89' lang='lat' dir='ltr'>et</span> <span class='ocrx_word' id='word_1_43' title='bbox 919 868 1112 940; x_wconf 89' lang='lat' dir='ltr'>opportunum</span> 
     </span>
     <span class='ocr_line' id='line_1_8' title="bbox 108 949 1113 1031; baseline -0.001 -21"><span class='ocrx_word' id='word_1_44' title='bbox 108 952 236 1011; x_wconf 89' lang='lat' dir='ltr'>iniuriae</span> <span class='ocrx_word' id='word_1_45' title='bbox 259 952 396 1011; x_wconf 84' lang='lat' dir='ltr'>iuvenem</span> <span class='ocrx_word' id='word_1_46' title='bbox 418 951 546 1031; x_wconf 82' lang='lat' dir='ltr'>videret,</span> <span class='ocrx_word' id='word_1_47' title='bbox 576 953 640 1030; x_wconf 92' lang='lat' dir='ltr'>ipse</span> <span class='ocrx_word' id='word_1_48' title='bbox 663 951 767 1030; x_wconf 90' lang='lat' dir='ltr'>plenae</span> <span class='ocrx_word' id='word_1_49' title='bbox 792 969 827 1010; x_wconf 81' lang='lat' dir='ltr'>ex</span> <span class='ocrx_word' id='word_1_50' title='bbox 851 950 1025 1011; x_wconf 76' lang='lat' dir='ltr'>commilitio</span> <span class='ocrx_word' id='word_1_51' title='bbox 1049 949 1113 1011; x_wconf 84' lang='lat' dir='ltr'>Cae·</span> 
     </span>
     <span class='ocr_line' id='line_1_9' title="bbox 110 1039 1115 1120; baseline -0.001 -22"><span class='ocrx_word' id='word_1_52' title='bbox 110 1042 185 1099; x_wconf 90' lang='lat' dir='ltr'>saris</span> <span class='ocrx_word' id='word_1_53' title='bbox 210 1040 362 1118; x_wconf 78' lang='lat' dir='ltr'>dignitatis</span> <span class='ocrx_word' id='word_1_54' title='bbox 381 1039 510 1100; x_wconf 89' lang='lat' dir='ltr'>lacerare</span> <span class='ocrx_word' id='word_1_55' title='bbox 530 1040 617 1100; x_wconf 87' lang='lat' dir='ltr'>furtis</span> <span class='ocrx_word' id='word_1_56' title='bbox 636 1039 839 1120; x_wconf 84' lang='lat' dir='ltr'>hereditatem,</span> <span class='ocrx_word' id='word_1_57' title='bbox 862 1042 961 1118; x_wconf 93' lang='lat' dir='ltr'>ipsum</span> <span class='ocrx_word' id='word_1_58' title='bbox 980 1039 1115 1100; x_wconf 91' lang='lat' dir='ltr'>inscctari</span> 
     </span>
     <span class='ocr_line' id='line_1_10' title="bbox 109 1126 1114 1208; baseline 0.002 -22"><span class='ocrx_word' id='word_1_59' title='bbox 109 1126 235 1208; x_wconf 78' lang='lat' dir='ltr'>probris,</span> <span class='ocrx_word' id='word_1_60' title='bbox 258 1132 373 1189; x_wconf 92' lang='lat' dir='ltr'>cunctis</span> <span class='ocrx_word' id='word_1_61' title='bbox 392 1127 506 1190; x_wconf 90' lang='lat' dir='ltr'>artibus</span> <span class='ocrx_word' id='word_1_62' title='bbox 525 1130 743 1208; x_wconf 86' lang='lat' dir='ltr'>cooptationem</span> <span class='ocrx_word' id='word_1_63' title='bbox 756 1127 846 1189; x_wconf 91' lang='lat' dir='ltr'>Iuliae</span> <span class='ocrx_word' id='word_1_64' title='bbox 863 1130 959 1206; x_wconf 90' lang='lat' dir='ltr'>gentis</span> <span class='ocrx_word' id='word_1_65' title='bbox 974 1127 1114 1207; x_wconf 89' lang='lat' dir='ltr'>inhibere,</span> 
     </span>
     <span class='ocr_line' id='line_1_11' title="bbox 75 1217 1145 1298; baseline -0.002 -20"><span class='ocrx_word' id='word_1_66' title='bbox 75 1218 239 1296; x_wconf 75' lang='lat' dir='ltr'>edentque</span> <span class='ocrx_word' id='word_1_67' title='bbox 263 1217 298 1276; x_wconf 92' lang='lat' dir='ltr'>ad</span> <span class='ocrx_word' id='word_1_68' title='bbox 323 1219 549 1297; x_wconf 92' lang='lat' dir='ltr'>opprimendum</span> <span class='ocrx_word' id='word_1_69' title='bbox 573 1220 711 1278; x_wconf 86' lang='lat' dir='ltr'>iuvenem</span> <span class='ocrx_word' id='word_1_70' title='bbox 732 1217 829 1297; x_wconf 89' lang='lat' dir='ltr'>palam</span> <span class='ocrx_word' id='word_1_71' title='bbox 852 1236 932 1277; x_wconf 92' lang='lat' dir='ltr'>arma</span> <span class='ocrx_word' id='word_1_72' title='bbox 955 1217 1068 1298; x_wconf 88' lang='lat' dir='ltr'>moliri,</span> <span class='ocrx_word' id='word_1_73' title='bbox 1091 1222 1145 1277; x_wconf 88' lang='lat' dir='ltr'>et¹⁰</span> 
     </span>
     <span class='ocr_line' id='line_1_12' title="bbox 109 1305 1115 1386; baseline -0.001 -20"><span class='ocrx_word' id='word_1_74' title='bbox 109 1309 168 1366; x_wconf 92' lang='lat' dir='ltr'>iam</span> <span class='ocrx_word' id='word_1_75' title='bbox 186 1313 288 1386; x_wconf 87' lang='lat' dir='ltr'>parato</span> <span class='ocrx_word' id='word_1_76' title='bbox 307 1310 442 1368; x_wconf 85' lang='lat' dir='ltr'>exercitu</span> <span class='ocrx_word' id='word_1_77' title='bbox 460 1309 491 1366; x_wconf 92' lang='lat' dir='ltr'>in</span> <span class='ocrx_word' id='word_1_78' title='bbox 508 1306 656 1386; x_wconf 84' lang='lat' dir='ltr'>Cisalpina</span> <span class='ocrx_word' id='word_1_79' title='bbox 670 1305 763 1367; x_wconf 90' lang='lat' dir='ltr'>Gallia</span> <span class='ocrx_word' id='word_1_80' title='bbox 780 1308 971 1367; x_wconf 90' lang='lat' dir='ltr'>resistentem</span> <span class='ocrx_word' id='word_1_81' title='bbox 990 1305 1115 1366; x_wconf 91' lang='lat' dir='ltr'>motibus</span> 
     </span>
     <span class='ocr_line' id='line_1_13' title="bbox 74 1394 1115 1474; baseline -0.001 -19"><span class='ocrx_word' id='word_1_82' title='bbox 74 1407 91 1455; x_wconf 78' lang='grc'>1</span> <span class='ocrx_word' id='word_1_83' title='bbox 111 1398 173 1456; x_wconf 92' lang='lat' dir='ltr'>suis</span> <span class='ocrx_word' id='word_1_84' title='bbox 187 1394 341 1456; x_wconf 88' lang='lat' dir='ltr'>Decimum</span> <span class='ocrx_word' id='word_1_85' title='bbox 355 1395 479 1457; x_wconf 87' lang='lat' dir='ltr'>Brutum</span> <span class='ocrx_word' id='word_1_86' title='bbox 494 1395 638 1456; x_wconf 91' lang='lat' dir='ltr'>obsidere.</span> <span class='ocrx_word' id='word_1_87' title='bbox 663 1402 692 1455; x_wconf 91' lang='lat' dir='ltr'>at</span> <span class='ocrx_word' id='word_1_88' title='bbox 706 1394 844 1474; x_wconf 85' lang='lat' dir='ltr'>Octavius</span> <span class='ocrx_word' id='word_1_89' title='bbox 859 1394 967 1455; x_wconf 85' lang='lat' dir='ltr'>Caesar</span> <span class='ocrx_word' id='word_1_90' title='bbox 981 1402 1011 1456; x_wconf 93' lang='lat' dir='ltr'>et</span> <span class='ocrx_word' id='word_1_91' title='bbox 1026 1401 1115 1455; x_wconf 90' lang='lat' dir='ltr'>aetate</span> 
     </span>
     <span class='ocr_line' id='line_1_14' title="bbox 110 1483 1115 1565; baseline -0.003 -20"><span class='ocrx_word' id='word_1_92' title='bbox 110 1492 140 1545; x_wconf 89' lang='lat' dir='ltr'>et</span> <span class='ocrx_word' id='word_1_93' title='bbox 167 1487 276 1545; x_wconf 89' lang='lat' dir='ltr'>iniuria</span> <span class='ocrx_word' id='word_1_94' title='bbox 299 1484 477 1565; x_wconf 81' lang='lat' dir='ltr'>favorabilis,</span> <span class='ocrx_word' id='word_1_95' title='bbox 511 1492 541 1545; x_wconf 93' lang='lat' dir='ltr'>et</span> <span class='ocrx_word' id='word_1_96' title='bbox 562 1486 692 1545; x_wconf 90' lang='lat' dir='ltr'>nominis</span> <span class='ocrx_word' id='word_1_97' title='bbox 715 1487 868 1544; x_wconf 88' lang='lat' dir='ltr'>maiestate</span> <span class='ocrx_word' id='word_1_98' title='bbox 892 1483 971 1562; x_wconf 91' lang='lat' dir='ltr'>quod</span> <span class='ocrx_word' id='word_1_99' title='bbox 995 1483 1054 1543; x_wconf 89' lang='lat' dir='ltr'>sibi</span> <span class='ocrx_word' id='word_1_100' title='bbox 1076 1486 1115 1543; x_wconf 91' lang='lat' dir='ltr'>in·</span> 
     </span>
     <span class='ocr_line' id='line_1_15' title="bbox 110 1573 1115 1654; baseline -0.001 -22"><span class='ocrx_word' id='word_1_101' title='bbox 110 1573 215 1633; x_wconf 89' lang='lat' dir='ltr'>duerat</span> <span class='ocrx_word' id='word_1_102' title='bbox 251 1576 396 1636; x_wconf 88' lang='lat' dir='ltr'>revocatis</span> <span class='ocrx_word' id='word_1_103' title='bbox 433 1574 469 1633; x_wconf 93' lang='lat' dir='ltr'>ad</span> <span class='ocrx_word' id='word_1_104' title='bbox 504 1592 584 1634; x_wconf 89' lang='lat' dir='ltr'>arma</span> <span class='ocrx_word' id='word_1_105' title='bbox 615 1576 777 1654; x_wconf 83' lang='lat' dir='ltr'>veteranis,</span> <span class='ocrx_word' id='word_1_106' title='bbox 813 1576 945 1652; x_wconf 87' lang='lat' dir='ltr'>privatus</span> <span class='ocrx_word' id='word_1_107' title='bbox 978 1607 1020 1615; x_wconf 96' lang='lat'><strong>—</strong></span> <span class='ocrx_word' id='word_1_108' title='bbox 1055 1573 1115 1652; x_wconf 90' lang='lat' dir='ltr'>quis</span> 
     </span>
     <span class='ocr_line' id='line_1_16' title="bbox 111 1657 1146 1744; baseline 0 -24"><span class='ocrx_word' id='word_1_109' title='bbox 111 1657 268 1721; x_wconf 81' lang='lat' dir='ltr'>crederet?</span> <span class='ocrx_word' id='word_1_110' title='bbox 283 1694 324 1702; x_wconf 94' lang='lat'>-—</span> <span class='ocrx_word' id='word_1_111' title='bbox 341 1662 493 1722; x_wconf 91' lang='lat' dir='ltr'>consulem</span> <span class='ocrx_word' id='word_1_112' title='bbox 507 1663 686 1744; x_wconf 82' lang='lat' dir='ltr'>adgreditur,</span> <span class='ocrx_word' id='word_1_113' title='bbox 701 1660 855 1722; x_wconf 87' lang='lat' dir='ltr'>obsidione</span> <span class='ocrx_word' id='word_1_114' title='bbox 869 1661 1000 1722; x_wconf 89' lang='lat' dir='ltr'>Mutinae</span> <span class='ocrx_word' id='word_1_115' title='bbox 1014 1661 1116 1722; x_wconf 86' lang='lat' dir='ltr'>liberat</span> <span class='ocrx_word' id='word_1_116' title='bbox 1127 1666 1146 1706; x_wconf 81' lang='lat'>1⁵</span> 
     </span>
     <span class='ocr_line' id='line_1_17' title="bbox 76 1749 1116 1830; baseline -0.002 -20"><span class='ocrx_word' id='word_1_117' title='bbox 76 1762 91 1810; x_wconf 81' lang='lat'>5</span> <span class='ocrx_word' id='word_1_118' title='bbox 111 1749 246 1830; x_wconf 91' lang='lat' dir='ltr'>Brutum,</span> <span class='ocrx_word' id='word_1_119' title='bbox 265 1749 424 1810; x_wconf 80' lang='lat' dir='ltr'>Antonium</span> <span class='ocrx_word' id='word_1_120' title='bbox 444 1753 526 1811; x_wconf 85' lang='lat' dir='ltr'>exuit</span> <span class='ocrx_word' id='word_1_121' title='bbox 544 1753 658 1811; x_wconf 88' lang='lat' dir='ltr'>castris.</span> <span class='ocrx_word' id='word_1_122' title='bbox 695 1757 766 1811; x_wconf 90' lang='lat' dir='ltr'>tuno</span> <span class='ocrx_word' id='word_1_123' title='bbox 785 1752 905 1829; x_wconf 90' lang='lat' dir='ltr'>quidem</span> <span class='ocrx_word' id='word_1_124' title='bbox 924 1751 1014 1811; x_wconf 90' lang='lat' dir='ltr'>etiam</span> <span class='ocrx_word' id='word_1_125' title='bbox 1034 1768 1116 1810; x_wconf 94' lang='lat' dir='ltr'>manu</span> 
     </span>
     <span class='ocr_line' id='line_1_18' title="bbox 111 1837 1117 1918; baseline 0.002 -22"><span class='ocrx_word' id='word_1_126' title='bbox 111 1837 237 1917; x_wconf 91' lang='lat' dir='ltr'>pulcher</span> <span class='ocrx_word' id='word_1_127' title='bbox 269 1841 412 1917; x_wconf 89' lang='lat' dir='ltr'>apparuit.</span> <span class='ocrx_word' id='word_1_128' title='bbox 463 1857 531 1900; x_wconf 92' lang='lat' dir='ltr'>nam</span> <span class='ocrx_word' id='word_1_129' title='bbox 563 1846 704 1900; x_wconf 90' lang='lat' dir='ltr'>cruentus</span> <span class='ocrx_word' id='word_1_130' title='bbox 728 1844 765 1899; x_wconf 87' lang='lat' dir='ltr'>&#39;et</span> <span class='ocrx_word' id='word_1_131' title='bbox 797 1842 914 1900; x_wconf 91' lang='lat' dir='ltr'>saucius</span> <span class='ocrx_word' id='word_1_132' title='bbox 947 1839 1076 1918; x_wconf 90' lang='lat' dir='ltr'>aquilam</span> <span class='ocrx_word' id='word_1_133' title='bbox 1103 1856 1117 1897; x_wconf 94' lang='lat' dir='ltr'>a</span> 
     </span>
    </p>
   </div>
   <div class='ocr_carea' id='block_1_4' title="bbox 110 1927 1115 2006">
    <p class='ocr_par' dir='ltr' id='par_1_5' title="bbox 110 1927 1115 2006">
     <span class='ocr_line' id='line_1_19' title="bbox 110 1927 1115 2006; baseline 0 -20"><span class='ocrx_word' id='word_1_134' title='bbox 110 1929 256 1987; x_wconf 91' lang='lat' dir='ltr'>moriente</span> <span class='ocrx_word' id='word_1_135' title='bbox 277 1928 419 2006; x_wconf 85' lang='lat' dir='ltr'>signifero</span> <span class='ocrx_word' id='word_1_136' title='bbox 438 1929 577 1988; x_wconf 89' lang='lat' dir='ltr'>traditam</span> <span class='ocrx_word' id='word_1_137' title='bbox 596 1931 658 1989; x_wconf 90' lang='lat' dir='ltr'>suis</span> <span class='ocrx_word' id='word_1_138' title='bbox 677 1930 789 1989; x_wconf 90' lang='lat' dir='ltr'>umeris</span> <span class='ocrx_word' id='word_1_139' title='bbox 808 1931 839 1988; x_wconf 91' lang='lat' dir='ltr'>in</span> <span class='ocrx_word' id='word_1_140' title='bbox 854 1935 950 1989; x_wconf 89' lang='lat' dir='ltr'>castra</span> <span class='ocrx_word' id='word_1_141' title='bbox 964 1927 1115 1989; x_wconf 85' lang='lat' dir='ltr'>referebat</span> 
     </span>
    </p>
   </div>
   <div class='ocr_carea' id='block_1_5' title="bbox 367 2140 860 2202">
    <p class='ocr_par' dir='ltr' id='par_1_6' title="bbox 367 2140 860 2202">
     <span class='ocr_line' id='line_1_20' title="bbox 367 2140 860 2202; baseline 0 0"><span class='ocrx_word' id='word_1_142' title='bbox 367 2141 438 2202; x_wconf 87' lang='lat' dir='ltr'>XVI.</span> <span class='ocrx_word' id='word_1_143' title='bbox 470 2140 619 2201; x_wconf 85' lang='lat' dir='ltr'><strong><em>BELLVM</em></strong></span> <span class='ocrx_word' id='word_1_144' title='bbox 641 2140 860 2202; x_wconf 87' lang='lat' dir='ltr'><strong>PERVSINVM.</strong></span> 
     </span>
    </p>
   </div>
   <div class='ocr_carea' id='block_1_6' title="bbox 19 2279 1149 2453">
    <p class='ocr_par' dir='ltr' id='par_1_7' title="bbox 19 2279 1149 2453">
     <span class='ocr_line' id='line_1_21' title="bbox 19 2279 1149 2364; baseline -0.002 -20"><span class='ocrx_word' id='word_1_145' title='bbox 19 2297 66 2363; x_wconf 89' lang='lat'>111,</span> <span class='ocrx_word' id='word_1_146' title='bbox 81 2279 101 2343; x_wconf 86' lang='lat'>5</span> <span class='ocrx_word' id='word_1_147' title='bbox 177 2283 309 2345; x_wconf 82' lang='lat' dir='ltr'>Alterum</span> <span class='ocrx_word' id='word_1_148' title='bbox 327 2283 437 2345; x_wconf 90' lang='lat' dir='ltr'>bellum</span> <span class='ocrx_word' id='word_1_149' title='bbox 457 2285 615 2344; x_wconf 86' lang='lat' dir='ltr'>concitavit</span> <span class='ocrx_word' id='word_1_150' title='bbox 633 2303 772 2364; x_wconf 89' lang='lat' dir='ltr'>agrorum</span> <span class='ocrx_word' id='word_1_151' title='bbox 785 2284 900 2364; x_wconf 85' lang='lat' dir='ltr'>divisio,</span> <span class='ocrx_word' id='word_1_152' title='bbox 920 2283 1000 2362; x_wconf 89' lang='lat' dir='ltr'>quod</span> <span class='ocrx_word' id='word_1_153' title='bbox 1015 2283 1118 2344; x_wconf 86' lang='lat' dir='ltr'>Caesar</span> <span class='ocrx_word' id='word_1_154' title='bbox 1129 2289 1149 2330; x_wconf 72' lang='lat'>2⁰</span> 
     </span>
     <span class='ocr_line' id='line_1_22' title="bbox 77 2367 1118 2453; baseline -0.001 -21"><span class='ocrx_word' id='word_1_155' title='bbox 77 2385 92 2432; x_wconf 80' lang='lat'><strong>2</strong></span> <span class='ocrx_word' id='word_1_156' title='bbox 112 2375 261 2433; x_wconf 87' lang='lat' dir='ltr'>veteranis</span> <span class='ocrx_word' id='word_1_157' title='bbox 279 2376 374 2452; x_wconf 89' lang='lat' dir='ltr'>patris</span> <span class='ocrx_word' id='word_1_158' title='bbox 393 2367 523 2453; x_wconf 90' lang='lat' dir='ltr'>pretium</span> <span class='ocrx_word' id='word_1_159' title='bbox 543 2373 665 2433; x_wconf 91' lang='lat' dir='ltr'>militiae</span> <span class='ocrx_word' id='word_1_160' title='bbox 683 2372 877 2452; x_wconf 86' lang='lat' dir='ltr'>persolvebat.</span> <span class='ocrx_word' id='word_1_161' title='bbox 915 2391 1034 2452; x_wconf 91' lang='lat' dir='ltr'>semper</span> <span class='ocrx_word' id='word_1_162' title='bbox 1052 2371 1118 2432; x_wconf 88' lang='lat' dir='ltr'>alias</span> 
     </span>
    </p>
   </div>
   <div class='ocr_carea' id='block_1_7' title="bbox 109 2541 1121 3609">
    <p class='ocr_par' dir='ltr' id='par_1_8' title="bbox 109 2541 1121 3609">
     <span class='ocr_line' id='line_1_23' title="bbox 184 2541 1117 2614; baseline 0.001 -20"><span class='ocrx_word' id='word_1_163' title='bbox 184 2548 199 2594; x_wconf 85' lang='lat'><strong>3</strong></span> <span class='ocrx_word' id='word_1_164' title='bbox 224 2541 278 2596; x_wconf 90' lang='lat' dir='ltr'>sibi</span> <span class='ocrx_word' id='word_1_165' title='bbox 298 2543 444 2598; x_wconf 78' lang='lat' dir='ltr'>antonium</span> <span class='ocrx_word' id='word_1_166' title='bbox 462 2545 489 2598; x_wconf 88' lang='lat' dir='ltr'><strong><em>L</em></strong></span> <span class='ocrx_word' id='word_1_167' title='bbox 507 2546 516 2614; x_wconf 94' lang='grc' dir='ltr'>ΙΙ</span> <span class='ocrx_word' id='word_1_168' title='bbox 535 2549 550 2598; x_wconf 82' lang='grc'><strong>5</strong></span> <span class='ocrx_word' id='word_1_169' title='bbox 570 2543 667 2598; x_wconf 89' lang='lat' dir='ltr'>decern</span> <span class='ocrx_word' id='word_1_170' title='bbox 685 2544 714 2597; x_wconf 88' lang='lat' dir='ltr'>et</span> <span class='ocrx_word' id='word_1_171' title='bbox 733 2545 796 2596; x_wconf 89' lang='lat' dir='ltr'>octo</span> <span class='ocrx_word' id='word_1_172' title='bbox 815 2559 902 2597; x_wconf 84' lang='lat' dir='ltr'>annos</span> <span class='ocrx_word' id='word_1_173' title='bbox 923 2542 947 2597; x_wconf 81' lang='lat'><em>0</em></span> <span class='ocrx_word' id='word_1_174' title='bbox 961 2545 971 2611; x_wconf 94' lang='lat' dir='ltr'>l</span> <span class='ocrx_word' id='word_1_175' title='bbox 990 2548 1005 2595; x_wconf 90' lang='grc'><strong>6</strong></span> <span class='ocrx_word' id='word_1_176' title='bbox 1026 2545 1055 2597; x_wconf 89' lang='lat' dir='ltr'>et</span> <span class='ocrx_word' id='word_1_177' title='bbox 1073 2541 1117 2596; x_wconf 93' lang='lat' dir='ltr'>oh-</span> 
     </span>
     <span class='ocr_line' id='line_1_24' title="bbox 109 2611 1116 2686; baseline 0.002 -22"><span class='ocrx_word' id='word_1_178' title='bbox 109 2611 224 2665; x_wconf 86' lang='lat' dir='ltr'>noxium</span> <span class='ocrx_word' id='word_1_179' title='bbox 247 2614 297 2668; x_wconf 82' lang='lat' dir='ltr'>del.</span> <span class='ocrx_word' id='word_1_180' title='bbox 317 2614 462 2684; x_wconf 77' lang='lat' dir='ltr'>Hauptc&#39;aco</span> <span class='ocrx_word' id='word_1_181' title='bbox 481 2616 522 2686; x_wconf 90' lang='lat' dir='ltr'>[et</span> <span class='ocrx_word' id='word_1_182' title='bbox 539 2615 759 2685; x_wconf 56' lang='lat' dir='ltr'>opportunum?</span> <span class='ocrx_word' id='word_1_183' title='bbox 779 2615 782 2685; x_wconf 94' lang='grc' dir='ltr'>Ι</span> <span class='ocrx_word' id='word_1_184' title='bbox 808 2616 976 2684; x_wconf 91' lang='lat' dir='ltr'>oportunum</span> <span class='ocrx_word' id='word_1_185' title='bbox 995 2613 1054 2669; x_wconf 81' lang='lat' dir='ltr'>BG</span> <span class='ocrx_word' id='word_1_186' title='bbox 1072 2615 1116 2684; x_wconf 75' lang='lat' dir='ltr'>ll</span> 
     </span>
     <span class='ocr_line' id='line_1_25' title="bbox 111 2681 1116 2756; baseline 0.005 -22"><span class='ocrx_word' id='word_1_187' title='bbox 111 2681 222 2736; x_wconf 88' lang='lat' dir='ltr'>uideret</span> <span class='ocrx_word' id='word_1_188' title='bbox 239 2685 263 2753; x_wconf 88' lang='lat' dir='ltr'>(t</span> <span class='ocrx_word' id='word_1_189' title='bbox 280 2685 343 2739; x_wconf 81' lang='lat' dir='ltr'>add.</span> <span class='ocrx_word' id='word_1_190' title='bbox 359 2704 393 2740; x_wconf 84' lang='lat' dir='ltr'>m.</span> <span class='ocrx_word' id='word_1_191' title='bbox 408 2689 434 2754; x_wconf 90' lang='lat'>1)</span> <span class='ocrx_word' id='word_1_192' title='bbox 453 2687 481 2740; x_wconf 99' lang='grc' dir='ltr'><strong><em>Β</em></strong></span> <span class='ocrx_word' id='word_1_193' title='bbox 498 2689 502 2756; x_wconf 99' lang='grc' dir='ltr'>Ι</span> <span class='ocrx_word' id='word_1_194' title='bbox 517 2685 555 2740; x_wconf 88' lang='lat' dir='ltr'>tis</span> <span class='ocrx_word' id='word_1_195' title='bbox 573 2685 675 2755; x_wconf 86' lang='lat' dir='ltr'>plenae</span> <span class='ocrx_word' id='word_1_196' title='bbox 694 2687 717 2754; x_wconf 90' lang='lat' dir='ltr'>(t</span> <span class='ocrx_word' id='word_1_197' title='bbox 734 2688 823 2755; x_wconf 79' lang='lat' dir='ltr'>crasa)</span> <span class='ocrx_word' id='word_1_198' title='bbox 842 2686 870 2739; x_wconf 99' lang='grc' dir='ltr'><strong><em>Β</em></strong></span> <span class='ocrx_word' id='word_1_199' title='bbox 889 2701 951 2738; x_wconf 87' lang='lat' dir='ltr'>·se·</span> <span class='ocrx_word' id='word_1_200' title='bbox 969 2684 1054 2756; x_wconf 87' lang='lat' dir='ltr'>plene</span> <span class='ocrx_word' id='word_1_201' title='bbox 1069 2685 1095 2738; x_wconf 96' lang='lat' dir='ltr'><strong><em>L</em></strong></span> <span class='ocrx_word' id='word_1_202' title='bbox 1113 2683 1116 2754; x_wconf 94' lang='grc' dir='ltr'>Ι</span> 
     </span>
     <span class='ocr_line' id='line_1_26' title="bbox 111 2753 1117 2827; baseline 0 -19"><span class='ocrx_word' id='word_1_203' title='bbox 111 2753 311 2808; x_wconf 83' lang='lat' dir='ltr'>excommilitio</span> <span class='ocrx_word' id='word_1_204' title='bbox 330 2757 355 2824; x_wconf 85' lang='lat' dir='ltr'>(c</span> <span class='ocrx_word' id='word_1_205' title='bbox 373 2773 432 2825; x_wconf 77' lang='lat' dir='ltr'>saep.</span> <span class='ocrx_word' id='word_1_206' title='bbox 447 2760 525 2826; x_wconf 83' lang='lat' dir='ltr'>cere.)</span> <span class='ocrx_word' id='word_1_207' title='bbox 540 2757 567 2810; x_wconf 90' lang='lat' dir='ltr'><em>L</em></span> <span class='ocrx_word' id='word_1_208' title='bbox 584 2759 594 2827; x_wconf 92' lang='grc' dir='ltr'>ΙΙ</span> <span class='ocrx_word' id='word_1_209' title='bbox 612 2762 628 2810; x_wconf 85' lang='grc'>8</span> <span class='ocrx_word' id='word_1_210' title='bbox 643 2755 791 2826; x_wconf 81' lang='lat' dir='ltr'>dignitatis</span> <span class='ocrx_word' id='word_1_211' title='bbox 807 2758 941 2826; x_wconf 76' lang='lat' dir='ltr'>(nltimam</span> <span class='ocrx_word' id='word_1_212' title='bbox 954 2755 965 2808; x_wconf 90' lang='lat' dir='ltr'>i</span> <span class='ocrx_word' id='word_1_213' title='bbox 978 2758 1010 2811; x_wconf 79' lang='lat' dir='ltr'>in</span> <span class='ocrx_word' id='word_1_214' title='bbox 1025 2773 1041 2810; x_wconf 92' lang='lat' dir='ltr'>e</span> <span class='ocrx_word' id='word_1_215' title='bbox 1055 2761 1117 2810; x_wconf 79' lang='lat' dir='ltr'>mot.</span> 
     </span>
     <span class='ocr_line' id='line_1_27' title="bbox 110 2825 1119 2897; baseline -0.001 -17"><span class='ocrx_word' id='word_1_216' title='bbox 110 2843 144 2880; x_wconf 82' lang='lat' dir='ltr'>nc.</span> <span class='ocrx_word' id='word_1_217' title='bbox 160 2828 190 2895; x_wconf 81' lang='lat'>2)</span> <span class='ocrx_word' id='word_1_218' title='bbox 205 2826 239 2879; x_wconf 88' lang='lat' dir='ltr'><strong><em>N</em></strong></span> <span class='ocrx_word' id='word_1_219' title='bbox 250 2829 255 2896; x_wconf 93' lang='grc' dir='ltr'>Ι</span> <span class='ocrx_word' id='word_1_220' title='bbox 270 2825 409 2880; x_wconf 87' lang='lat' dir='ltr'>laceraret</span> <span class='ocrx_word' id='word_1_221' title='bbox 422 2827 456 2880; x_wconf 89' lang='lat' dir='ltr'><strong><em>N</em></strong></span> <span class='ocrx_word' id='word_1_222' title='bbox 467 2827 543 2888; x_wconf 78' lang='lat' dir='ltr'>iniri</span> <span class='ocrx_word' id='word_1_223' title='bbox 560 2826 641 2882; x_wconf 85' lang='lat' dir='ltr'>fortis</span> <span class='ocrx_word' id='word_1_224' title='bbox 660 2828 688 2882; x_wconf 92' lang='grc' dir='ltr'><strong><em>Β</em></strong></span> <span class='ocrx_word' id='word_1_225' title='bbox 706 2827 786 2881; x_wconf 83' lang='lat' dir='ltr'>fortis</span> <span class='ocrx_word' id='word_1_226' title='bbox 804 2829 832 2897; x_wconf 93' lang='lat' dir='ltr'>(o</span> <span class='ocrx_word' id='word_1_227' title='bbox 850 2830 882 2881; x_wconf 80' lang='lat' dir='ltr'>lc</span> <span class='ocrx_word' id='word_1_228' title='bbox 899 2845 918 2879; x_wconf 95' lang='lat' dir='ltr'>u</span> <span class='ocrx_word' id='word_1_229' title='bbox 936 2830 1013 2897; x_wconf 22' lang='lat' dir='ltr'>mccc.)</span> <span class='ocrx_word' id='word_1_230' title='bbox 1031 2828 1058 2880; x_wconf 91' lang='lat' dir='ltr'><em>L</em></span> <span class='ocrx_word' id='word_1_231' title='bbox 1074 2829 1078 2896; x_wconf 96' lang='grc' dir='ltr'>Ι</span> <span class='ocrx_word' id='word_1_232' title='bbox 1093 2827 1119 2880; x_wconf 91' lang='lat' dir='ltr'>et</span> 
     </span>
     <span class='ocr_line' id='line_1_28' title="bbox 110 2897 1117 2969; baseline 0.001 -19"><span class='ocrx_word' id='word_1_233' title='bbox 110 2897 242 2951; x_wconf 90' lang='lat' dir='ltr'>heredem</span> <span class='ocrx_word' id='word_1_234' title='bbox 265 2898 293 2951; x_wconf 93' lang='lat' dir='ltr'>et</span> <span class='ocrx_word' id='word_1_235' title='bbox 316 2904 379 2952; x_wconf 82' lang='lat' dir='ltr'>acte</span> <span class='ocrx_word' id='word_1_236' title='bbox 401 2897 588 2953; x_wconf 78' lang='lat' dir='ltr'>hereditatem</span> <span class='ocrx_word' id='word_1_237' title='bbox 611 2900 674 2954; x_wconf 82' lang='lat' dir='ltr'>cdd.</span> <span class='ocrx_word' id='word_1_238' title='bbox 688 2899 717 2952; x_wconf 93' lang='grc' dir='ltr'><strong><em>Β</em></strong></span> <span class='ocrx_word' id='word_1_239' title='bbox 739 2901 748 2969; x_wconf 94' lang='grc' dir='ltr'>ΙΙ</span> <span class='ocrx_word' id='word_1_240' title='bbox 771 2906 786 2952; x_wconf 86' lang='grc'>9</span> <span class='ocrx_word' id='word_1_241' title='bbox 808 2897 904 2968; x_wconf 89' lang='lat' dir='ltr'>probis</span> <span class='ocrx_word' id='word_1_242' title='bbox 922 2899 949 2951; x_wconf 89' lang='lat' dir='ltr'><strong><em>L</em></strong></span> <span class='ocrx_word' id='word_1_243' title='bbox 969 2900 973 2968; x_wconf 95' lang='grc' dir='ltr'>Ι</span> <span class='ocrx_word' id='word_1_244' title='bbox 995 2897 1117 2952; x_wconf 89' lang='lat' dir='ltr'>artibus.</span> 
     </span>
     <span class='ocr_line' id='line_1_29' title="bbox 111 2967 1120 3039; baseline -0.002 -17"><span class='ocrx_word' id='word_1_245' title='bbox 111 2967 362 3037; x_wconf 77' lang='lat' dir='ltr'>(iumadoptionem</span> <span class='ocrx_word' id='word_1_246' title='bbox 371 2968 398 3021; x_wconf 91' lang='lat' dir='ltr'><strong><em>L</em></strong></span> <span class='ocrx_word' id='word_1_247' title='bbox 413 2970 417 3037; x_wconf 95' lang='grc' dir='ltr'>Ι</span> <span class='ocrx_word' id='word_1_248' title='bbox 434 2969 527 3039; x_wconf 88' lang='lat' dir='ltr'>gentis</span> <span class='ocrx_word' id='word_1_249' title='bbox 542 2969 562 3039; x_wconf 85' lang='lat' dir='ltr'>(i</span> <span class='ocrx_word' id='word_1_250' title='bbox 576 2987 644 3025; x_wconf 80' lang='lat' dir='ltr'>corr.</span> <span class='ocrx_word' id='word_1_251' title='bbox 655 2988 688 3024; x_wconf 77' lang='lat' dir='ltr'>ex</span> <span class='ocrx_word' id='word_1_252' title='bbox 701 2985 759 3024; x_wconf 83' lang='lat' dir='ltr'>em.</span> <span class='ocrx_word' id='word_1_253' title='bbox 771 2971 797 3039; x_wconf 93' lang='grc'>1)</span> <span class='ocrx_word' id='word_1_254' title='bbox 808 2971 834 3022; x_wconf 92' lang='grc' dir='ltr'><strong><em>Β</em></strong></span> <span class='ocrx_word' id='word_1_255' title='bbox 848 2971 858 3039; x_wconf 94' lang='grc' dir='ltr'>ΙΙ</span> <span class='ocrx_word' id='word_1_256' title='bbox 872 2975 906 3022; x_wconf 90' lang='lat'>10</span> <span class='ocrx_word' id='word_1_257' title='bbox 914 2986 971 3023; x_wconf 93' lang='lat' dir='ltr'>non</span> <span class='ocrx_word' id='word_1_258' title='bbox 981 2968 1120 3023; x_wconf 83' lang='lat' dir='ltr'>desineret</span> 
     </span>
     <span class='ocr_line' id='line_1_30' title="bbox 111 3038 1120 3110; baseline -0.003 -17"><span class='ocrx_word' id='word_1_259' title='bbox 111 3046 174 3094; x_wconf 82' lang='lat' dir='ltr'>acte</span> <span class='ocrx_word' id='word_1_260' title='bbox 194 3039 314 3108; x_wconf 89' lang='lat' dir='ltr'>denique</span> <span class='ocrx_word' id='word_1_261' title='bbox 332 3041 396 3094; x_wconf 82' lang='lat' dir='ltr'>odd.</span> <span class='ocrx_word' id='word_1_262' title='bbox 413 3040 436 3094; x_wconf 81' lang='lat'><strong><em>0</em></strong></span> <span class='ocrx_word' id='word_1_263' title='bbox 449 3046 454 3107; x_wconf 94' lang='grc' dir='ltr'>Ι</span> <span class='ocrx_word' id='word_1_264' title='bbox 470 3040 506 3092; x_wconf 83' lang='lat' dir='ltr'>ad</span> <span class='ocrx_word' id='word_1_265' title='bbox 521 3040 733 3109; x_wconf 89' lang='lat' dir='ltr'>opprimendum</span> <span class='ocrx_word' id='word_1_266' title='bbox 748 3043 777 3109; x_wconf 90' lang='lat' dir='ltr'>(u</span> <span class='ocrx_word' id='word_1_267' title='bbox 790 3057 858 3096; x_wconf 80' lang='lat' dir='ltr'>corr.</span> <span class='ocrx_word' id='word_1_268' title='bbox 874 3058 907 3095; x_wconf 82' lang='lat' dir='ltr'>ex</span> <span class='ocrx_word' id='word_1_269' title='bbox 922 3056 936 3093; x_wconf 92' lang='lat' dir='ltr'>e</span> <span class='ocrx_word' id='word_1_270' title='bbox 951 3059 984 3095; x_wconf 87' lang='lat' dir='ltr'>m.</span> <span class='ocrx_word' id='word_1_271' title='bbox 1000 3044 1027 3110; x_wconf 88' lang='lat'>1)</span> <span class='ocrx_word' id='word_1_272' title='bbox 1042 3042 1071 3095; x_wconf 93' lang='grc' dir='ltr'><strong><em>Β</em></strong></span> <span class='ocrx_word' id='word_1_273' title='bbox 1085 3038 1120 3093; x_wconf 84' lang='lat' dir='ltr'>ad</span> 
     </span>
     <span class='ocr_line' id='line_1_31' title="bbox 112 3110 1119 3182; baseline 0.003 -19"><span class='ocrx_word' id='word_1_274' title='bbox 112 3110 328 3180; x_wconf 89' lang='lat' dir='ltr'>depremendum</span> <span class='ocrx_word' id='word_1_275' title='bbox 341 3111 375 3165; x_wconf 88' lang='lat' dir='ltr'><strong><em>N</em></strong></span> <span class='ocrx_word' id='word_1_276' title='bbox 390 3110 604 3180; x_wconf 83' lang='lat' dir='ltr'>adprimendum</span> <span class='ocrx_word' id='word_1_277' title='bbox 620 3112 647 3164; x_wconf 93' lang='lat' dir='ltr'><strong><em>L</em></strong></span> <span class='ocrx_word' id='word_1_278' title='bbox 660 3113 669 3182; x_wconf 96' lang='grc' dir='ltr'>ΙΙ</span> <span class='ocrx_word' id='word_1_279' title='bbox 684 3118 716 3165; x_wconf 90' lang='grc'>11</span> <span class='ocrx_word' id='word_1_280' title='bbox 735 3110 904 3180; x_wconf 83' lang='lat' dir='ltr'>incisalpina</span> <span class='ocrx_word' id='word_1_281' title='bbox 923 3113 948 3180; x_wconf 87' lang='lat' dir='ltr'>(e</span> <span class='ocrx_word' id='word_1_282' title='bbox 966 3128 1036 3166; x_wconf 81' lang='lat' dir='ltr'>corr.</span> <span class='ocrx_word' id='word_1_283' title='bbox 1052 3129 1085 3166; x_wconf 77' lang='lat' dir='ltr'>ec</span> <span class='ocrx_word' id='word_1_284' title='bbox 1102 3129 1119 3180; x_wconf 94' lang='lat' dir='ltr'>p</span> 
     </span>
     <span class='ocr_line' id='line_1_32' title="bbox 111 3181 1121 3252; baseline -0.001 -17"><span class='ocrx_word' id='word_1_285' title='bbox 111 3199 144 3236; x_wconf 87' lang='lat' dir='ltr'>m.</span> <span class='ocrx_word' id='word_1_286' title='bbox 157 3185 182 3250; x_wconf 89' lang='lat'>1)</span> <span class='ocrx_word' id='word_1_287' title='bbox 197 3183 224 3236; x_wconf 93' lang='grc' dir='ltr'><strong><em>Β</em></strong></span> <span class='ocrx_word' id='word_1_288' title='bbox 239 3184 247 3252; x_wconf 95' lang='grc' dir='ltr'>ΙΙ</span> <span class='ocrx_word' id='word_1_289' title='bbox 262 3189 294 3236; x_wconf 80' lang='lat'>12</span> <span class='ocrx_word' id='word_1_290' title='bbox 311 3181 449 3237; x_wconf 88' lang='lat' dir='ltr'>decimum</span> <span class='ocrx_word' id='word_1_291' title='bbox 463 3183 498 3250; x_wconf 86' lang='lat'>(1.</span> <span class='ocrx_word' id='word_1_292' title='bbox 509 3199 538 3234; x_wconf 90' lang='lat' dir='ltr'>m</span> <span class='ocrx_word' id='word_1_293' title='bbox 552 3199 612 3251; x_wconf 72' lang='lat' dir='ltr'>cap.</span> <span class='ocrx_word' id='word_1_294' title='bbox 622 3201 657 3237; x_wconf 84' lang='lat' dir='ltr'>m.</span> <span class='ocrx_word' id='word_1_295' title='bbox 667 3185 694 3252; x_wconf 83' lang='lat'>2)</span> <span class='ocrx_word' id='word_1_296' title='bbox 710 3184 744 3237; x_wconf 90' lang='lat' dir='ltr'><em>N</em></span> <span class='ocrx_word' id='word_1_297' title='bbox 756 3188 760 3251; x_wconf 93' lang='grc' dir='ltr'>Ι</span> <span class='ocrx_word' id='word_1_298' title='bbox 776 3182 920 3236; x_wconf 85' lang='lat' dir='ltr'>obsiderat</span> <span class='ocrx_word' id='word_1_299' title='bbox 931 3184 959 3237; x_wconf 91' lang='grc' dir='ltr'><strong><em>Β</em></strong></span> <span class='ocrx_word' id='word_1_300' title='bbox 972 3182 1121 3236; x_wconf 83' lang='lat' dir='ltr'>obsidebat</span> 
     </span>
     <span class='ocr_line' id='line_1_33' title="bbox 114 3252 1119 3323; baseline 0 -17"><span class='ocrx_word' id='word_1_301' title='bbox 114 3252 146 3306; x_wconf 82' lang='lat'>0.-</span> <span class='ocrx_word' id='word_1_302' title='bbox 161 3270 228 3308; x_wconf 73' lang='lat' dir='ltr'>conr.</span> <span class='ocrx_word' id='word_1_303' title='bbox 239 3255 359 3308; x_wconf 76' lang='lat' dir='ltr'>Iahnius</span> <span class='ocrx_word' id='word_1_304' title='bbox 373 3253 535 3307; x_wconf 85' lang='lat' dir='ltr'>obsidebat.</span> <span class='ocrx_word' id='word_1_305' title='bbox 545 3254 576 3306; x_wconf 88' lang='lat' dir='ltr'>at</span> <span class='ocrx_word' id='word_1_306' title='bbox 589 3254 640 3322; x_wconf 82' lang='lat' dir='ltr'>(oet</span> <span class='ocrx_word' id='word_1_307' title='bbox 654 3256 726 3323; x_wconf 89' lang='lat' dir='ltr'>curn)</span> <span class='ocrx_word' id='word_1_308' title='bbox 741 3255 872 3309; x_wconf 78' lang='lat' dir='ltr'>Halmius</span> <span class='ocrx_word' id='word_1_309' title='bbox 888 3258 891 3321; x_wconf 93' lang='grc' dir='ltr'>Ι</span> <span class='ocrx_word' id='word_1_310' title='bbox 908 3257 937 3307; x_wconf 88' lang='lat' dir='ltr'>et</span> <span class='ocrx_word' id='word_1_311' title='bbox 950 3260 1013 3309; x_wconf 77' lang='lat' dir='ltr'>ante</span> <span class='ocrx_word' id='word_1_312' title='bbox 1028 3255 1119 3308; x_wconf 74' lang='lat' dir='ltr'>aetate</span> 
     </span>
     <span class='ocr_line' id='line_1_34' title="bbox 111 3323 1120 3397; baseline 0.001 -21"><span class='ocrx_word' id='word_1_313' title='bbox 111 3340 160 3378; x_wconf 83' lang='lat' dir='ltr'>om.</span> <span class='ocrx_word' id='word_1_314' title='bbox 178 3324 221 3393; x_wconf 74' lang='grc' dir='ltr'>ΟΙΙ</span> <span class='ocrx_word' id='word_1_315' title='bbox 236 3330 269 3378; x_wconf 86' lang='grc'>13</span> <span class='ocrx_word' id='word_1_316' title='bbox 288 3323 454 3379; x_wconf 86' lang='lat' dir='ltr'>faborebilis</span> <span class='ocrx_word' id='word_1_317' title='bbox 468 3325 496 3379; x_wconf 94' lang='grc' dir='ltr'><strong><em>Β</em></strong></span> <span class='ocrx_word' id='word_1_318' title='bbox 512 3326 516 3393; x_wconf 99' lang='grc' dir='ltr'>Ι</span> <span class='ocrx_word' id='word_1_319' title='bbox 531 3325 689 3393; x_wconf 80' lang='lat' dir='ltr'>magestate</span> <span class='ocrx_word' id='word_1_320' title='bbox 703 3325 731 3378; x_wconf 94' lang='lat' dir='ltr'><em>B</em></span> <span class='ocrx_word' id='word_1_321' title='bbox 748 3327 758 3396; x_wconf 94' lang='grc' dir='ltr'>ΙΙ</span> <span class='ocrx_word' id='word_1_322' title='bbox 781 3330 812 3378; x_wconf 80' lang='lat'>15</span> <span class='ocrx_word' id='word_1_323' title='bbox 831 3324 943 3379; x_wconf 89' lang='lat' dir='ltr'>credere</span> <span class='ocrx_word' id='word_1_324' title='bbox 957 3325 985 3379; x_wconf 94' lang='grc' dir='ltr'><strong><em>Β</em></strong></span> <span class='ocrx_word' id='word_1_325' title='bbox 1002 3325 1006 3397; x_wconf 94' lang='grc' dir='ltr'>Ι</span> <span class='ocrx_word' id='word_1_326' title='bbox 1022 3341 1120 3396; x_wconf 84' lang='lat' dir='ltr'>aggre-</span> 
     </span>
     <span class='ocr_line' id='line_1_35' title="bbox 112 3392 1120 3466; baseline 0.001 -20"><span class='ocrx_word' id='word_1_327' title='bbox 112 3392 187 3447; x_wconf 80' lang='lat' dir='ltr'>ditur</span> <span class='ocrx_word' id='word_1_328' title='bbox 200 3395 227 3448; x_wconf 93' lang='lat' dir='ltr'><strong><em>L</em></strong></span> <span class='ocrx_word' id='word_1_329' title='bbox 243 3398 247 3465; x_wconf 94' lang='grc' dir='ltr'>Ι</span> <span class='ocrx_word' id='word_1_330' title='bbox 263 3395 374 3450; x_wconf 83' lang='lat' dir='ltr'>obsidio</span> <span class='ocrx_word' id='word_1_331' title='bbox 394 3396 417 3451; x_wconf 82' lang='lat'><strong><em>0</em></strong></span> <span class='ocrx_word' id='word_1_332' title='bbox 430 3398 434 3466; x_wconf 93' lang='grc' dir='ltr'>Ι</span> <span class='ocrx_word' id='word_1_333' title='bbox 449 3394 556 3450; x_wconf 88' lang='lat' dir='ltr'>munite</span> <span class='ocrx_word' id='word_1_334' title='bbox 570 3395 597 3448; x_wconf 93' lang='lat' dir='ltr'><strong><em>L</em></strong></span> <span class='ocrx_word' id='word_1_335' title='bbox 610 3396 619 3465; x_wconf 92' lang='grc' dir='ltr'>ΙΙ</span> <span class='ocrx_word' id='word_1_336' title='bbox 634 3400 667 3449; x_wconf 87' lang='grc'>16</span> <span class='ocrx_word' id='word_1_337' title='bbox 681 3397 742 3448; x_wconf 89' lang='lat' dir='ltr'>tum</span> <span class='ocrx_word' id='word_1_338' title='bbox 758 3398 801 3466; x_wconf 79' lang='grc' dir='ltr'>ΟΙΙ</span> <span class='ocrx_word' id='word_1_339' title='bbox 815 3401 848 3449; x_wconf 81' lang='grc'>17</span> <span class='ocrx_word' id='word_1_340' title='bbox 863 3395 1008 3450; x_wconf 78' lang='lat' dir='ltr'>oboriente</span> <span class='ocrx_word' id='word_1_341' title='bbox 1022 3398 1050 3450; x_wconf 93' lang='lat' dir='ltr'><em>B</em></span> <span class='ocrx_word' id='word_1_342' title='bbox 1064 3400 1073 3465; x_wconf 94' lang='grc' dir='ltr'>Ι</span> <span class='ocrx_word' id='word_1_343' title='bbox 1089 3399 1120 3448; x_wconf 86' lang='grc'>18</span> 
     </span>
     <span class='ocr_line' id='line_1_36' title="bbox 111 3462 1119 3537; baseline 0.002 -21"><span class='ocrx_word' id='word_1_344' title='bbox 111 3462 234 3519; x_wconf 89' lang='lat' dir='ltr'>humeris</span> <span class='ocrx_word' id='word_1_345' title='bbox 252 3467 308 3521; x_wconf 89' lang='lat' dir='ltr'>BL</span> <span class='ocrx_word' id='word_1_346' title='bbox 329 3468 339 3534; x_wconf 91' lang='grc' dir='ltr'>ΙΙ</span> <span class='ocrx_word' id='word_1_347' title='bbox 362 3474 395 3521; x_wconf 80' lang='lat'>20</span> <span class='ocrx_word' id='word_1_348' title='bbox 415 3483 545 3537; x_wconf 81' lang='lat' dir='ltr'>agrorum</span> <span class='ocrx_word' id='word_1_349' title='bbox 563 3469 590 3536; x_wconf 93' lang='lat' dir='ltr'>(o</span> <span class='ocrx_word' id='word_1_350' title='bbox 608 3474 728 3522; x_wconf 83' lang='lat' dir='ltr'>correcta</span> <span class='ocrx_word' id='word_1_351' title='bbox 746 3484 779 3522; x_wconf 83' lang='lat' dir='ltr'>ec</span> <span class='ocrx_word' id='word_1_352' title='bbox 797 3470 824 3536; x_wconf 84' lang='lat' dir='ltr'>a)</span> <span class='ocrx_word' id='word_1_353' title='bbox 843 3467 870 3520; x_wconf 95' lang='lat' dir='ltr'><strong><em>L</em></strong></span> <span class='ocrx_word' id='word_1_354' title='bbox 893 3469 897 3536; x_wconf 96' lang='grc' dir='ltr'>Ι</span> <span class='ocrx_word' id='word_1_355' title='bbox 922 3483 992 3534; x_wconf 85' lang='lat' dir='ltr'>quos</span> <span class='ocrx_word' id='word_1_356' title='bbox 1014 3466 1037 3521; x_wconf 83' lang='lat'><strong><em>0</em></strong></span> <span class='ocrx_word' id='word_1_357' title='bbox 1055 3469 1065 3536; x_wconf 93' lang='grc' dir='ltr'>ΙΙ</span> <span class='ocrx_word' id='word_1_358' title='bbox 1088 3472 1119 3520; x_wconf 78' lang='lat'>21</span> 
     </span>
     <span class='ocr_line' id='line_1_37' title="bbox 112 3535 665 3609; baseline 0.011 -22"><span class='ocrx_word' id='word_1_359' title='bbox 112 3535 254 3589; x_wconf 79' lang='lat' dir='ltr'>ueteranis</span> <span class='ocrx_word' id='word_1_360' title='bbox 272 3535 303 3589; x_wconf 88' lang='lat' dir='ltr'>in</span> <span class='ocrx_word' id='word_1_361' title='bbox 321 3537 421 3592; x_wconf 85' lang='lat' dir='ltr'>eastris</span> <span class='ocrx_word' id='word_1_362' title='bbox 441 3539 482 3609; x_wconf 75' lang='lat' dir='ltr'>Ol</span> <span class='ocrx_word' id='word_1_363' title='bbox 498 3538 621 3592; x_wconf 81' lang='lat' dir='ltr'>soluerat</span> <span class='ocrx_word' id='word_1_364' title='bbox 642 3538 665 3593; x_wconf 82' lang='lat'><em>0</em></span> 
     </span>
    </p>
   </div>
   <div class='ocr_carea' id='block_1_8' title="bbox 0 0 1181 3922">
    <p class='ocr_par' dir='ltr' id='par_1_9' title="bbox 0 0 1181 3922">
     <span class='ocr_line' id='line_1_38' title="bbox 0 0 1181 3922; baseline 0 0"><span class='ocrx_word' id='word_1_365' title='bbox 0 0 1181 3922; x_wconf 95' lang='lat' dir='ltr'> </span> 
     </span>
    </p>
   </div>
  </div>
 </body>
</html>
