2334 3922
105 185 168 250 106
463 186 573 239 raom
590 174 750 240 neironis

104 353 226 432 Cyprias
264 370 335 431 opes
367 351 508 412 Liburnis
539 370 594 431 per
626 352 800 414 Tiberinum
830 354 961 414 bostium
994 354 1115 413 invexit.

105 461 178 589 quaele
211 460 260 590 rges
292 440 380 502 latius
414 443 561 502 aerarium
587 441 618 502 P.
647 441 680 502 R.
714 460 802 521 quam
834 441 912 503 ullus
944 442 1116 521 triumphus

92 550 164 609 ⁰imp
177 549 243 590 evi.

366 653 449 714 XLV.
481 653 631 714 BELLVM
654 654 848 725 GALLICVM.

0 813 47 877 ιι,
62 793 103 857 10
170 797 239 858 Asia
260 796 383 876 Pompei
406 770 542 857 manibus
566 796 687 858 subacta
709 797 837 878 reliqua,
863 816 937 876 qnae
960 796 1115 864 restabant
1141 814 1153 853 s

68 889 135 948 tin
166 886 297 966 Europa,
333 884 463 946 Fortuna
500 888 531 946 in
564 885 720 947 Caesarem
751 886 910 948 transtulit.
961 885 1116 946 restabant

104 983 202 1036 autem
225 977 423 1035 inmanissimi
446 977 580 1053 gentium
598 974 673 1035 Gabi
696 982 784 1055 atque
803 975 943 1037 Germani
962 983 993 1036 et
1012 993 1115 1054 quam-

103 1067 147 1124 vis
175 1071 236 1123 toto
265 1062 336 1124 orbe
360 1063 461 1144 divisi,
488 1070 588 1124 tamen
612 1066 681 1142 quia
703 1067 822 1125 vincere
846 1064 946 1145 libuit,
969 1063 1114 1124 Britanni.

104 1204 106 1208 ,
169 1152 287 1212 Primus
311 1151 420 1212 Galliae
448 1160 546 1213 motus
569 1153 605 1213 ab
628 1152 758 1213 Helvetis
783 1155 893 1235 coepit,
921 1155 974 1232 qui
997 1152 1115 1214 Rhoda·

103 1260 175 1302 num
197 1243 277 1301 inter
295 1249 325 1302 et
342 1241 480 1301 Rhenum
499 1243 558 1322 siti,
580 1260 639 1302 non
659 1242 876 1303 sufficientibus
895 1244 986 1303 terris
1004 1260 1114 1302 venere
1130 1256 1155 1297 ιο

104 1331 205 1391 sedem
228 1333 354 1409 petitum
377 1332 508 1391 incensis
531 1330 687 1394 moenibus
711 1333 786 1391 suis:
814 1331 871 1392 boc
897 1339 1117 1392 sacramentum

68 1421 160 1481 aluit
192 1439 229 1480 ne
262 1420 403 1480 redirent
455 1419 507 1480 sed
534 1421 627 1499 petito
654 1427 788 1498 tempore
817 1420 853 1481 ad
881 1419 1117 1500 deliberandum,

104 1528 171 1569 cum
199 1511 277 1568 inter
304 1527 402 1568 moras
431 1507 538 1568 Caesar
565 1507 699 1568 Rhodani
730 1516 821 1588 ponte
853 1511 982 1570 rescisso
1015 1509 1117 1588 fugam

103 1596 286 1677 abstulisset,
320 1599 419 1657 statim
451 1596 708 1657 bellicosissimam
738 1604 856 1676 gentem
889 1600 933 1658 sic
966 1601 998 1657 in
1027 1598 1116 1659 sedes

68 1697 173 1746 tsuas
210 1687 294 1764 quasi
328 1703 433 1764 greges
466 1688 497 1745 in
530 1685 644 1746 stabula
674 1693 776 1765 pastor
807 1686 933 1747 reduxit.
985 1705 1116 1766 sequens
1131 1697 1156 1739 1⁵

104 1774 189 1853 longe
222 1773 367 1853 longeque
401 1777 552 1835 cruentior
584 1793 681 1855 pugna
713 1772 883 1856 Belgarum,
916 1778 1026 1856 quippe
1060 1795 1116 1856 pro

103 1863 239 1923 libertate
267 1865 471 1942 pugnantium.
516 1864 565 1924 bic
593 1882 660 1924 cum
687 1863 780 1925 multa
809 1863 1008 1925 Romanorum
1037 1865 1116 1925 mili-

103 1958 167 2012 tum
199 1954 342 2032 insignia,
378 1959 440 2012 tum
474 1951 546 2012 illud
580 1954 732 2031 egregium
764 1955 859 2033 ipsius
893 1952 992 2034 ducis,
1035 1954 1117 2033 quod

102 2048 224 2101 nutante
252 2044 283 2101 in
312 2041 410 2120 lugam
439 2043 572 2101 exercitu
599 2048 683 2120 rapto
711 2042 852 2121 fugientis
876 2061 892 2102 e
916 2060 1005 2102 manu
1029 2049 1115 2103 scuto

28 2126 31 2131 ⁴
68 2132 135 2190 oin
157 2133 283 2209 primam
306 2130 431 2190 volitans
457 2132 551 2207 aciem
573 2147 663 2190 manu
685 2131 833 2210 proelium
855 2133 994 2192 restituit.
1042 2131 1114 2192 inde
1129 2143 1155 2183 20

103 2238 171 2280 cum
192 2219 312 2280 Venetis
335 2222 424 2280 etiam
447 2218 547 2279 navale
566 2218 687 2300 bellum,
710 2220 763 2280 sed
786 2221 880 2280 maior
903 2238 970 2280 cum
995 2218 1115 2281 Oceano

103 2327 191 2387 quam
219 2328 287 2369 cum
314 2310 388 2389 ipsis
411 2307 534 2368 navibus
558 2309 629 2367 rixa.
677 2311 786 2388 quippe
811 2308 877 2369 illae
901 2309 990 2369 rudes
1015 2315 1046 2370 et
1069 2311 1115 2369 in-

102 2397 212 2458 formes
242 2405 272 2457 et
299 2400 398 2458 statim
425 2397 597 2478 naufragae,
629 2415 697 2457 cum
724 2404 821 2458 rostra
849 2400 1027 2478 sensissent3
1060 2397 1114 2458 sed

175 2573 189 2620 1
205 2566 307 2636 ciprias
317 2567 343 2620 L
359 2569 363 2636 1
379 2566 498 2621 liburnis
512 2569 541 2637 (u
550 2584 618 2622 corr.
629 2584 662 2622 ex
672 2570 697 2638 e)
707 2567 874 2692 Lkostium
883 2568 909 2622 L
923 2571 932 2638 11
946 2575 961 2621 2
973 2567 1115 2622 aerarium

102 2640 146 2706 (ae
164 2640 197 2692 ia
214 2640 279 2707 ros.)
298 2638 326 2691 Β
343 2640 353 2706 11
371 2642 387 2690 5
405 2638 526 2706 reliquia
544 2639 571 2692 L
588 2637 722 2707 reliquias
766 2640 832 2694 aiat.
852 2641 861 2709 11
885 2638 1115 2693 ‘limmanissimi

104 2709 177 2778 0118
196 2707 317 2761 diuisam
332 2709 359 2761 L
378 2708 470 2763 diuisa
483 2728 525 2780 og.
542 2710 546 2780 1
567 2708 616 2778 qui
634 2709 684 2763 uin
703 2710 773 2764 cerit
786 2710 904 2780 (uicerat
917 2729 951 2766 m.
967 2714 996 2780 2)
1011 2710 1115 2766 habuit

102 2778 267 2834 brittaniam
286 2778 468 2846 (britanniam
486 2799 520 2836 m.
536 2783 562 2850 1)
577 2781 611 2834 N
626 2780 676 2848 qui
693 2781 819 2836 uinceret
838 2781 940 2836 habuit
957 2780 1114 2836 britaniam

102 2852 129 2905 L
143 2849 192 2919 qui
205 2849 330 2904 vinceret
338 2850 439 2903 habuit
448 2851 596 2905 Britannia
604 2870 646 2923 oq.
656 2851 785 2926 <vicini>
795 2853 911 2908 tamen?
923 2871 948 2909 o.
959 2854 1035 2908 autb.
1046 2853 1113 2910 Lot.

102 2921 308 2991 425,426R.1
328 2920 467 2975 brittanni
486 2924 577 2991 (prior
594 2924 608 2976 t
625 2924 722 2993 deleta)
736 2924 763 2977 Β
785 2925 795 2993 11
818 2929 833 2976 9
853 2924 890 2978 ad
909 2922 938 2994 (d
956 2941 1017 2994 cap.
1032 2941 1067 2979 m.
1083 2927 1114 2993 2)

101 2994 149 3048 bel
169 2993 222 3048 etis
237 2993 271 3047 N
281 2990 419 3063 abelgetis
433 2993 460 3045 L
475 2997 480 3060 1
495 2993 628 3048 heluetiis
642 2994 672 3063 (h
685 3011 744 3064 sup.
759 2997 839 3065 cers.)
852 2996 880 3049 Β
896 2996 900 3063 1
915 2995 1055 3050 rodanum
1072 2995 1114 3065 011

103 3072 137 3120 10
149 3013 268 3119 bianum
284 3064 327 3131 011
341 3069 373 3118 13
389 3080 485 3118 caesar
498 3067 522 3133 (r
535 3071 655 3121 correcto
668 3082 702 3120 eac
716 3068 739 3135 s)
752 3066 781 3119 Β
796 3069 801 3135 1
816 3065 916 3120 rodani
930 3066 957 3119 L
972 3067 977 3134 1
992 3065 1112 3120 rescisso

102 3138 210 3206 (ultimo
235 3153 248 3190 s
271 3153 358 3205 supro
379 3137 494 3204 versuto)
514 3136 540 3188 B
562 3135 695 3190 rescissos
714 3137 741 3190 L
754 3139 764 3207 11
779 3143 812 3190 14
831 3136 996 3192 abstulissat
1013 3137 1112 3208 fugam

103 3208 143 3276 01
160 3205 312 3262 abstulisse
326 3207 354 3261 Β
370 3207 374 3274 Ι
390 3205 430 3261 sic
448 3206 545 3260 inedes
561 3206 588 3259 L
601 3209 611 3276 1
624 3212 658 3260 lo
677 3206 759 3276 quasi
777 3214 841 3264 octe
859 3208 890 3262 in
908 3210 971 3264 add.
987 3208 1022 3263 N
1033 3211 1037 3276 1
1055 3210 1112 3262 sta-

101 3279 199 3332 bulum
217 3280 245 3333 Β
260 3277 265 3350 1
282 3277 399 3332 deduxit
423 3277 463 3347 01
479 3276 603 3346 Sequens
627 3280 657 3347 (n
674 3295 762 3349 supro
782 3296 889 3335 cerauno
910 3297 944 3334 m.
964 3282 992 3349 11
1011 3279 1045 3333 Ν
1054 3281 1064 3350 11
1079 3284 1111 3332 16

97 3351 285 3432 ρνίιιει1οιιςθ
309 3366 359 3434 om.
381 3348 421 3419 01
437 3364 491 3418 que
514 3365 564 3403 ooo.
583 3349 610 3401 L
625 3352 630 3415 1
645 3349 790 3431 belcarum
810 3351 838 3404 B
852 3353 861 3419 1
876 3356 908 3435 11
926 3349 993 3432 hinc
1012 3351 1040 3404 Β
1054 3355 1064 3420 1
1079 3355 1111 3404 18

101 3421 883 3573 annuatittitttttltlitt‘allatit?
896 3439 929 3563 il
941 3424 1112 3562 titillet

97 3579 160 3617 aa*
179 3580 204 3592 ⁹⁴
236 3565 260 3608 'l
277 3563 312 3617 N
326 3562 409 3618 Vnde
427 3565 454 3617 L
468 3564 523 3634 1121
544 3565 628 3617 uenet
646 3579 694 3617 sus
712 3563 741 3616 Β
754 3564 764 3632 11
777 3568 811 3618 23
830 3564 881 3618 sed
899 3581 949 3620 om.
968 3564 997 3617 Β
