2370 3908
372 149 573 202 PRAEFATIO
593 151 764 202 EDITORIS
997 149 1075 204 XVII

123 341 155 397 p.
178 321 252 395 170,
273 321 291 378 8
315 318 499 376 multitudiue
514 320 634 390 pouteue
656 319 824 376 succidisset
844 318 869 376 L
891 319 1075 378 multitudiue

273 410 351 481 sputi
377 398 407 486 (s
425 423 517 480 supra
534 419 655 466 versum
678 427 715 465 m.
739 398 780 487 2.)
804 408 975 467 succedisset
997 401 1040 489 (1.
1061 427 1075 467 e

274 497 306 554 in
327 499 339 554 i
364 495 496 556 mutavit
518 515 557 556 m.
582 491 624 568 1.)
647 495 677 553 Ν
698 496 777 554 male

123 608 155 663 p.
179 588 253 659 175,
274 589 291 645 6
315 586 374 657 fult
394 587 464 661 post
484 585 629 658 ooudtuu
651 604 708 644 om.
727 584 761 662 L,
784 585 863 643 male
887 585 971 644 addit
993 587 1030 645 N.

52 678 119 736 iam
143 675 192 734 his
216 675 290 734 locis
314 674 429 751 allatis,
461 693 589 751 quornm
616 674 735 732 nullum
760 673 783 731 ii
807 673 859 750 qui
882 673 1076 734 librariorum

53 770 218 842 stuporem
240 767 272 822 et
295 764 434 838 supinam
456 762 679 840 neglegentiam
707 766 926 840 cognoverunt,
953 763 1076 823 illorum

53 855 237 915 coniectura
273 855 414 912 sanatum
449 869 514 911 esse
547 851 727 910 contendent
758 885 803 892 —
833 871 905 911 nam
936 853 1013 912 alios
1044 854 1076 912 in

56 944 173 1022 quibus
201 942 257 1000 hoe
280 941 346 1000 fieri
375 941 510 1017 potuisse
539 941 661 999 concedi
688 944 790 1017 potest
817 942 904 1000 omisi
932 973 974 982 —
1002 943 1075 1001 satis

54 1032 236 1111 probavisse
260 1031 335 1088 mihi
357 1030 460 1091 videor
482 1029 573 1088 huius
592 1029 663 1088 libri
681 1030 858 1089 bonitatem.
891 1051 1076 1109 quamquam

55 1127 166 1181 antem
189 1120 283 1179 etiam
305 1120 401 1178 maior
424 1138 528 1178 eorum
547 1121 594 1178 est
611 1138 755 1178 numerus
774 1114 884 1196 quibus
902 1119 932 1178 N
951 1122 1076 1180 meliora

56 1210 195 1271 servavit
229 1211 260 1267 et
292 1208 409 1268 alienus
437 1211 484 1267 est
511 1207 549 1266 ab
576 1207 861 1284 interpolationibus
890 1209 1000 1286 quibus
1028 1230 1078 1270 co-

55 1301 135 1359 dieis
155 1299 180 1357 L
200 1297 300 1357 scriba
318 1317 396 1375 quae
415 1316 476 1356 non
494 1297 693 1374 intellegebat
710 1298 916 1372 pessumdedit
923 1291 957 1379 1),
975 1302 1077 1359 tamen

58 1389 138 1448 satis
162 1387 305 1464 religiose
333 1387 370 1446 ab
399 1405 435 1445 eo
464 1385 663 1463 archetypum
690 1404 864 1463 expressum
891 1405 954 1446 esse
984 1389 1077 1448 etiam

59 1478 118 1536 hac
151 1495 183 1536 re
217 1475 431 1551 comprobatur
462 1475 543 1550 quod
575 1475 696 1534 litterae
729 1494 748 1534 u
780 1477 908 1535 formam
940 1479 1078 1552 apertam

59 1586 154 1644 qnam
185 1565 251 1623 illic
282 1565 439 1625 invenerat
470 1564 552 1623 haud
583 1583 661 1643 raro,
694 1565 746 1624 sed
778 1584 838 1623 non
871 1565 944 1624 satis
972 1564 1077 1625 dextre

56 1656 201 1715 imitatus
230 1657 277 1712 est
304 1654 391 1714 velut
412 1674 442 1729 p.
463 1656 490 1731 7,
512 1654 531 1712 3
558 1653 590 1712 in
617 1657 795 1726 uutreuque
823 1656 853 1712 et
881 1675 910 1730 p.
931 1656 982 1733 25,
1003 1657 1021 1716 5
1045 1656 1078 1713 in

57 1746 185 1804 auseris.
234 1742 339 1802 eadem
367 1745 470 1801 tamen
494 1741 566 1800 alibi
588 1742 733 1802 vitiorum
756 1761 861 1802 ansam
884 1744 968 1803 dedit
990 1746 1077 1805 velut

56 1855 85 1911 p.
108 1835 184 1910 142,
210 1833 250 1893 25
275 1831 329 1890 ubi
351 1832 472 1904 ufruuc'o
495 1850 550 1907 pro
573 1832 692 1903 ufroue'e
716 1831 838 1907 scripsit
862 1835 891 1891 et
913 1854 941 1909 p.
964 1835 1036 1911 151,
1058 1836 1075 1891 7

58 1926 181 1982 ouueuu
203 1940 260 1997 pro
284 1912 449 2001 uutcuu2).
497 1921 742 1996 compendiorum
766 1940 843 1997 quae
866 1940 964 1997 pauca
986 1923 1018 1981 in
1042 1942 1076 1981 eo

57 2013 167 2071 insunt
193 2010 308 2070 formas
338 2003 609 2070 ‘observationum'
642 2009 806 2088 appendice
834 2009 881 2069 ΙΠ
905 2014 923 2069 2
947 2012 1078 2071 Beckius

57 2102 200 2159 imitatus
224 2102 279 2160 est.

133 2186 207 2247 Onm
229 2188 327 2266 igitur
349 2187 486 2246 codicum
506 2186 535 2246 N
559 2191 590 2246 et
612 2188 637 2246 L
661 2187 819 2263 scripturis
842 2189 1009 2247 coniunctis
1032 2189 1077 2246 in·

62 2278 232 2354 tellegatur
255 2277 329 2354 quid
352 2277 383 2334 in
407 2277 557 2336 communi
581 2296 685 2336 eorum
703 2276 787 2335 fonte
811 2277 958 2353 scriptum
976 2278 1077 2355 fuerit,

58 2385 112 2426 eas
135 2366 281 2425 lectiones
305 2384 383 2443 quae
401 2365 433 2425 in
452 2368 582 2442 utroque
600 2365 798 2425 inveniuntur
814 2366 918 2424 littera
936 2371 961 2426 0
981 2367 1072 2445 signi·
1088 2385 1176 2428 c-.-rs·

60 2456 160 2516 ficari
187 2457 346 2532 praeterea
366 2458 396 2514 et
414 2455 522 2514 horum
541 2458 572 2513 et
594 2453 664 2512 libri
682 2453 708 2512 B
729 2455 851 2530 plenam
868 2455 1078 2534 integramque

60 2545 247 2607 varietatem
283 2544 451 2621 scripturae
489 2543 634 2621 adscripsi
666 2563 701 2602 ac
733 2563 769 2602 ne
802 2544 926 2603 minima
957 2546 1078 2622 quidem

59 2637 184 2711 praeter
216 2633 434 2692 elementorum
467 2650 494 2700 e,
522 2651 569 2701 oe,
597 2650 630 2691 ce
662 2636 693 2691 et
724 2650 756 2700 c,
784 2636 796 2691 t
827 2636 1077 2694 commutationes

62 2723 237 2799 similiaque
260 2723 388 2799 neglexi.
415 2722 446 2780 id
465 2722 545 2798 quod
563 2722 766 2781 necessarium
784 2725 850 2781 erat
868 2741 936 2781 oum
955 2727 1078 2801 propter

63 2812 203 2871 codicum
230 2811 354 2870 illorum
382 2829 530 2870 summam
557 2811 784 2885 auctoritatem,
812 2815 879 2870 tum
905 2813 986 2889 quod
1008 2816 1078 2889 post

64 2901 258 2978 imperfectos
286 2900 421 2976 priorum
447 2900 597 2959 editorum
620 2902 746 2959 conatus
769 2901 890 2959 tandem
914 2902 1077 2978 aliquando

66 2989 139 3065 quid
166 2990 200 3048 in
228 2988 314 3047 libris
341 2989 493 3065 primariis
523 2989 670 3048 traditum
703 2992 782 3048 esset
815 2990 910 3049 statui
942 2990 1077 3049 debebat.

67 3079 151 3138 nolui
172 3081 275 3137 tamen
299 3078 428 3156 singulis
450 3077 525 3138 locis
547 3078 678 3137 aliorum
701 3096 816 3137 errores
839 3079 1001 3156 exagitare,
1025 3079 1078 3137 sed

10 3325 13 3330 '
134 3321 161 3389 1)
179 3337 207 3372 v.
227 3335 254 3388 p.
270 3324 299 3387 7,
319 3323 366 3387 20,
392 3317 442 3371 ubi
465 3320 531 3389 quio
554 3320 621 3372 ante
644 3319 756 3373 deerout
779 3317 903 3385 addidit3
936 3335 963 3386 p.
979 3323 1028 3387 19,
1044 3325 1078 3373 10

16 3432 20 3451 ,
69 3390 118 3444 deis
136 3389 167 3443 in
186 3390 232 3444 De
250 3389 293 3444 bis
309 3389 445 3459 mutavit3
473 3407 499 3458 p.
516 3394 607 3457 2213
632 3390 710 3444 Veios
727 3389 758 3442 in
775 3406 855 3457 uero3
881 3407 908 3457 p.
924 3393 967 3458 26,
983 3395 1015 3442 11
1034 3393 1077 3444 iu·

69 3463 166 3517 sidente
184 3463 279 3532 paleae
297 3459 327 3513 in
344 3463 498 3530 insequente
514 3462 597 3532 pollo,
617 3460 682 3517 alia.

133 3537 161 3602 2)
180 3531 215 3585 of.
239 3531 290 3584 ‘De
305 3531 427 3585 Senecae
443 3549 549 3589 recens.
572 3539 600 3589 et
620 3534 778 3594 emendat.’
800 3554 830 3610 p.
846 3541 940 3608 tiso.

104 3629 188 3666 Hom
199 3626 233 3666 ed
250 3625 272 3664 0.
287 3627 445 3672 Rossbach.
863 3631 888 3688 b
