2334 3922
115 168 192 222 XLII
427 171 628 222 PRAEFATIO
647 171 818 223 EDITORIS

183 358 212 414 p.
233 339 342 414 58,10
366 340 505 397 5551511115
520 368 526 382 ·
538 339 644 411 pusilii
665 340 727 396 ioue
749 339 774 396 B

181 427 253 486 ibid.
290 430 328 487 16
352 427 481 502 bispaaa
494 457 500 470 ·
515 428 651 500 eartbapo
674 427 703 486 N

183 537 212 592 p.
234 519 284 593 66,
299 518 342 576 20
364 518 562 592 suppuraret
582 518 691 590 spilura
712 517 742 575 N

182 651 200 683 „
222 607 351 681 108,18
376 608 469 679 captis
484 607 631 679 respersit
653 605 674 663 C

182 741 199 771 „
221 697 292 772 110,
331 697 349 754 9
374 712 440 753 auur
461 697 633 754 attimaro
655 695 685 753 N

182 785 293 860 „128,
332 786 349 841 2
375 785 437 842 alia
459 789 557 843 rastra
578 786 765 844 uareuiaua·
783 788 880 843 castra
904 783 928 841 B

183 919 199 950 „
220 874 292 950 133,
310 876 348 932 19
374 874 496 946 defossis
513 879 687 933 seruatum
704 874 734 932 N

183 1007 199 1039 „
221 963 293 1038 134,
330 964 350 1020 4
375 967 570 1037 caperratum
584 993 590 1006 ·
606 958 817 1043 (eapupuatura
831 991 837 1004 ·
853 953 891 1040 L)
915 964 949 1020 ut
971 959 993 1020 Ο
1117 1014 1130 1037 s

181 1096 199 1128 „
220 1052 293 1127 135,
310 1053 351 1110 20
374 1052 447 1109 tanti
468 1054 530 1111 uiri
551 1070 599 1111 res
613 1082 619 1095 ·
633 1053 795 1111 rescindere
819 1041 891 1132 (om.
910 1044 991 1131 aeta)
1015 1051 1042 1109 B

168 1141 348 1217 ,,139,15
374 1143 492 1219 est-ita
517 1144 598 1200 iutra
619 1141 644 1200 L

182 1229 292 1306 ,,151,
332 1231 349 1287 3
374 1235 523 1289 arma-et
545 1231 725 1290 armeutuB

180 1362 198 1394 „
220 1319 292 1395 156,
330 1320 347 1376 7
372 1320 668 1394 uideret-sepiens
690 1319 724 1379 L.

181 1423 241 1482 Sed
262 1427 300 1483 ut
321 1425 479 1484 redeamus
503 1425 541 1484 ad
559 1426 594 1502 X,
617 1426 746 1485 maxime
769 1426 871 1484 variae
890 1426 961 1484 11155
980 1426 1127 1487 155115555

114 1515 222 1573 docent
250 1513 413 1590 epitomum
440 1515 513 1592 iam,
547 1518 711 1592 antequam
742 1514 930 1575 recensiones
956 1513 1014 1574 AO
1044 1517 1126 1576 ortae

114 1606 222 1680 essent,
245 1603 377 1662 multum
397 1604 565 1663 lectitatum
587 1603 691 1664 fuisse.
728 1603 836 1663 iisdem
859 1604 1000 1665 effectum
1024 1608 1072 1664 est
1093 1608 1127 1664 51

113 1692 196 1750 haud
218 1709 333 1768 paucae
356 1693 483 1751 duarum
507 1693 715 1753 recensionum
734 1693 952 1770 discrepantiae
971 1712 1127 1754 nasceren-

113 1784 172 1840 tur.
219 1780 346 1840 alteram
369 1782 449 1840 enim
472 1783 652 1858 scripturam
671 1783 706 1860 A,
730 1783 858 1842 alteram
880 1780 902 1842 O
926 1783 1126 1858 praeferebat.

114 1887 206 1947 qnare
230 1870 393 1930 verisimile
417 1873 463 1930 551
485 1871 638 1931 interdum
660 1871 752 1931 etiam
775 1871 807 1930 in
830 1871 1010 1948 corruptelis
1037 1872 1075 1931 ab
1097 1871 1125 1930 A

112 1960 168 2018 hoc
192 1957 229 2016 ab
248 1956 271 2017 O
294 1958 371 2017 illud
388 1959 570 2042 vccabulum
591 1960 733 2020 omissum
752 1979 826 2038 esse,
845 1965 880 2019 ut
898 1960 982 2020 Flori
999 1980 1123 2021 manum

111 2068 148 2107 ex
181 2048 339 2124 utriusque
367 2048 523 2125 scripturis
552 2050 719 2109 coniunctis
746 2067 925 2126 recuperare
953 2049 1124 2110 debeamus.

111 2138 197 2197 velut
219 2156 246 2212 p.
269 2139 412 2211 11117,
435 2137 488 2196 ubi
506 2139 532 2196 B
550 2138 688 2198 tradidit:
706 2141 809 2212 prima
831 2139 912 2198 sedes
935 2140 1014 2198 uelut
1034 2141 1124 2200 551155

108 2244 193 2285 uicus
224 2228 387 2285 uaesuuius
413 2228 536 2301 55155511,
570 2226 605 2286 0;
632 2230 735 2302 prima
766 2229 846 2287 uelut
877 2230 1010 2287 arauiris
1041 2247 1125 2288 mous

109 2317 249 2374 cessedius
270 2317 397 2389 placuit,
425 2334 531 2376 verum
558 2316 680 2376 videtur
708 2335 784 2376 esse:
811 2320 915 2392 prima
942 2318 1024 2377 sedes
1046 2320 1126 2378 uelut

111 2405 203 2463 belreis
235 2399 381 2482 rabidis¹)
414 2423 484 2482 555,
517 2425 586 2464 cum
612 2407 638 2464 B
671 2408 811 2484 arauiris,
845 2406 917 2484 5515
948 2425 1008 2465 555
1035 2406 1124 2467 intel-

110 2493 239 2570 legebat,
263 2493 406 2571 omiscrit,
432 2493 454 2552 O
474 2498 576 2554 autem
599 2496 680 2554 sedes
702 2499 827 2573 propter
849 2513 953 2557 vocem
977 2513 1035 2555 ara
1053 2487 1125 2576 (ara

110 2584 187 2641 uiris
218 2573 258 2663 L)
296 2586 326 2643 et
362 2584 453 2642 bellus
484 2587 554 2660 post
586 2585 684 2643 simile
715 2584 842 2645 verbum
873 2586 960 2643 uelut.
1016 2584 1125 2646 deinde

110 2671 213 2733 variae
235 2672 380 2732 lectiones
403 2691 463 2731 non
487 2671 523 2730 ab
548 2692 608 2732 555
627 2673 747 2734 homine
771 2673 824 2751 qui
841 2676 938 2733 totam
959 2672 1139 2752 epitomem¹

109 2761 294 2821 recensuerit
320 2762 464 2822 videntur
486 2762 639 2838 profectae
663 2781 735 2833 csse,
763 2763 815 2822 sed
838 2762 949 2822 sensim
971 2761 1027 2839 pe'r
1049 2767 1123 2823 tem·

109 2868 218 2926 porum
241 2850 401 2910 decursum
424 2870 442 2910 a
463 2850 602 2927 pluribus
624 2851 756 2910 librariis
781 2851 957 2928 adscriptae.
994 2871 1125 2930 quoram

109 2939 163 2997 5111
195 2939 287 2997 medii
320 2941 386 2998 aevi
418 2939 523 2999 scribis
555 2941 605 3001 vix
633 2941 812 3000 eruditiores
840 2943 925 2999 erant
952 2944 988 3001 51
1015 2941 1042 3000 15
1070 2944 1124 3022 551

109 3046 218 3088 nomen
241 3027 337 3104 legati
360 3027 534 3089 Caesariani
555 3027 774 3089 Aururrouleius
800 3030 832 3088 in
855 3047 963 3089 aurum
992 3032 1124 3093 ablatam

109 3117 246 3193 corrupit
269 3107 495 3200 (p.107,11),
523 3119 577 3177 5111
607 3119 743 3179 doctrina
767 3119 897 3196 quadam
920 3118 1064 3180 instructi
1087 3124 1123 3181 ut

109 3206 161 3266 ille
186 3206 247 3284 551,
272 3224 339 3263 oum
364 3207 470 3266 Florus
493 3199 536 3289 (p.
556 3210 608 3286 29,
628 3200 663 3290 2)
687 3208 867 3284 scripsisset:
895 3213 983 3281 eaput
1004 3211 1123 3270 urbium

111 3294 228 3372 Capua,
260 3296 407 3368 5551111515
433 3297 508 3354 iuter
535 3301 592 3356 tres
619 3299 765 3357 1115515155
791 3301 955 3375 1151551515,
984 3317 1122 3360 5555555·

181 3482 207 3548 1)
225 3479 256 3534 in
274 3481 350 3536 Flori
372 3485 452 3537 textu
474 3484 580 3538 rabidis
602 3485 688 3540 beluis
710 3484 823 3554 scripsi,
847 3485 897 3538 sed
915 3483 987 3539 illud
1005 3487 1123 3557 propius

108 3550 146 3604 ad
164 3550 299 3606 librorum
318 3553 480 3608 memoriam
499 3554 616 3611 accedit.
692 3566 696 3574 '
