2334 3922
410 181 434 250 Ι,
454 188 478 238 a.
498 187 522 238 e.
544 187 577 236 ro
595 184 730 252 (ra-re).
1033 183 1076 248 27

340 347 423 410 thlt
456 347 605 408 BELLVM
627 348 800 408 LATINVM.

128 471 298 532 Conversus
327 491 343 532 a
367 471 457 532 Gallis
483 474 515 531 in
538 472 659 533 Latinos
682 472 790 532 Manlio
814 472 962 550 Torquato
986 472 1075 532 Decio
1089 469 1130 534 14

58 561 145 621 Mure
168 560 355 641 consulibus,
384 579 502 640 semper
526 561 645 640 quidem
669 561 865 621 aemulatione
889 562 1008 639 imperii
1032 563 1075 620 in-

59 650 164 731 festos,
187 656 252 710 tum
275 667 345 709 vero
370 656 541 729 contemptu
563 649 647 710 urbis
670 653 820 730 incensae,
843 669 911 709 cum
934 651 981 709 ius
1005 652 1075 709 civi-

31 741 131 798 etatis
169 744 285 817 partem
322 740 441 816 imperii
479 745 508 798 et
540 741 766 816 magistratuum
798 745 969 818 poscerent,
1007 745 1076 816 aput
1146 751 1150 759 '

60 827 193 906 Capuam
224 825 347 906 proeliis
381 827 522 905 congredi
554 827 706 887 audentes.
753 845 811 906 quo
843 834 978 906 tempore
1009 828 1082 904 quis*

60 918 190 976 cessisse
222 914 340 975 hostem
372 912 550 976 mirabitur?
587 933 655 976 cum
687 915 762 976 alter
794 915 949 976 consulum
982 914 1111 978 filiuma

60 1022 158 1085 suum,
183 1006 252 1083 quia
271 1010 373 1064 contra
392 1006 552 1083 imperium
570 1011 760 1085 pugnaverat,
780 1007 913 1084 quamvis
932 1005 1076 1064 victorem

60 1093 206 1153 occiderit
244 1092 466 1171 ostenderitque
502 1092 569 1171 plus
602 1111 669 1152 esse
689 1095 733 1152 ¹in
765 1096 891 1172 imperio
924 1111 1012 1171 quam
1044 1095 1076 1151 in

23 1198 46 1236 ιο
59 1183 198 1261 victoria3
221 1180 297 1241 alter
320 1183 404 1260 quasi
426 1183 542 1241 monitu
565 1181 689 1242 deorum
713 1183 809 1260 capite
834 1181 929 1241 velato
948 1184 1075 1260 primam
1094 1198 1110 1245 3

59 1276 128 1330 ante
152 1272 247 1330 aciem
271 1269 328 1329 diis
351 1268 488 1329 manibus
512 1288 545 1329 se
569 1269 728 1350 devoverit,
752 1278 785 1330 ut
806 1273 837 1329 in
857 1270 1075 1330 confertissima

61 1377 92 1417 se
123 1358 255 1418 hostium
282 1357 340 1417 tela
367 1357 512 1418 iaculatus
540 1376 649 1418 novum
677 1358 712 1417 ad
741 1361 895 1419 victoriam
922 1361 981 1417 iter
1009 1376 1075 1417 san-

59 1449 158 1524 guinis
182 1448 230 1507 sui
252 1445 346 1506 limite
370 1449 507 1525 aperiret.

361 1640 396 1701 X.
429 1639 578 1700 BELLVM
602 1640 772 1701 SABINVM.

27 1778 48 1819 15
125 1765 150 1824 Α
173 1764 286 1825 Latinis
314 1765 473 1843 adgressus
502 1771 547 1824 cst
575 1772 694 1842 gentem
722 1765 913 1846 Sabinorum,
941 1767 992 1843 qui
1020 1762 1129 1828 rur-15

60 1872 210 1914 memores
229 1854 322 1913 iactae
341 1852 396 1913 suh
416 1853 482 1913 Tito
501 1852 585 1913 Tatio
605 1853 765 1914 adfinitatis
788 1855 915 1932 quodam
939 1856 1075 1931 contagio

128 1990 152 2043 I
166 1994 181 2041 1
202 2002 328 2043 nannum
341 2000 511 2043 runnroou·
526 1987 553 2040 L
567 1989 576 2057 ΙΙ
590 1994 680 2056 apost
695 1988 851 2043 Conuersus
870 2007 956 2059 capro
970 2006 1077 2044 oeream

60 2059 170 2113 scilicet
187 2061 262 2113 estr.
281 2075 308 2127 p.
328 2059 362 2113 N
364 2058 375 2089 ²
400 2063 405 2126 Ι
429 2075 480 2127 pro
500 2057 656 2112 Conuersus
670 2059 782 2129 —plus
802 2062 876 2114 esset
895 2063 936 2128 (p.
952 2064 999 2125 28,
1014 2062 1041 2128 5)
1060 2061 1082 2113 I

56 2134 150 2199 ponite
180 2145 369 2198 conversoque
394 2145 412 2182 a
436 2127 527 2182 Gallis
550 2129 656 2183 Manlio
680 2130 824 2198 Torquato
846 2129 943 2184 Latini
969 2128 1078 2197 experti

60 2204 125 2255 sunt
150 2203 180 2254 et
203 2199 316 2255 devicti.
352 2199 475 2269 indeque
499 2199 608 2268 Samni,
633 2201 682 2268 qui
705 2218 802 2256 eorum
824 2201 907 2254 bellis
933 2202 982 2269 (sic
1005 2201 1076 2269 cdd.)

59 2272 129 2327 socii
164 2272 297 2325 ductante
330 2270 413 2325 Tatio
446 2269 619 2338 extitissent,
653 2289 671 2325 a
698 2272 781 2327 Curio
809 2273 932 2325 Dentato
962 2270 1076 2324 consule

59 2342 194 2411 subiecti,
222 2358 374 2409 eorumque
400 2341 465 2395 loca
492 2357 510 2393 a
533 2341 657 2396 Veranio
686 2342 764 2397 fonte
792 2342 821 2395 in
844 2341 970 2395 Adriano
993 2342 1076 2394 tenus

58 2414 132 2469 mari
155 2413 218 2484 igni
243 2412 371 2482 ferroque
389 2413 516 2482 vastata,
539 2415 706 2483 tantumque
725 2415 852 2467 Romano
871 2412 976 2482 populo
996 2411 1078 2466 addit

57 2503 126 2555 opes
146 2487 178 2538 nt
201 2487 210 2554 Ι
233 2489 249 2536 3
268 2482 383 2538 consule
402 2484 429 2537 Β
448 2485 500 2539 οοῖ
520 2485 554 2538 N
569 2501 632 2538 curn
651 2484 760 2539 sulibus
780 2485 806 2537 L
823 2488 826 2554 Ι
842 2482 945 2554 inperii
964 2483 998 2538 N
1019 2486 1023 2554 Ι
1048 2487 1078 2538 et

58 2555 281 2627 magistratuum
302 2561 367 2610 autc
389 2553 508 2610 infestos
527 2556 591 2610 odd.
610 2556 638 2608 L
659 2558 668 2625 ΙΙ
692 2563 708 2609 4
727 2557 892 2626 contemptu
910 2557 936 2624 (o
956 2563 1078 2611 correcto

56 2646 90 2682 aa
108 2630 139 2696 ιι)
159 2627 187 2680 L
203 2628 207 2693 Ι
223 2625 355 2680 incensae
376 2627 422 2694 (en
439 2628 471 2680 a'a
488 2643 590 2682 rasura
607 2644 642 2680 m.
661 2630 688 2696 1)
708 2628 735 2681 Β
749 2630 788 2697 ΙΙ5
807 2627 871 2696 pari
888 2626 1008 2696 imperio
1026 2627 1075 2698 ΑΙ

56 2697 261 2768 magistratum
278 2698 307 2752 Β
325 2698 355 2750 et
371 2697 542 2766 magistratu
559 2696 742 2753 Mommseoue
758 2701 762 2768 Ι
779 2698 856 2767 apud
873 2699 901 2752 B
924 2702 933 2769 ΙΙ
957 2706 972 2752 6
992 2714 1078 2767 quam

59 2770 121 2824 BL
145 2784 233 2837 quam
254 2769 288 2822 ia
309 2785 410 2822 roacare
432 2769 467 2822 N
471 2769 493 2824 ¹:
517 2771 637 2823 corrosit
653 2770 772 2823 Iahnius
796 2769 832 2822 ab
855 2769 891 2823 iis
910 2768 1079 2838 quibuscum

58 2840 140 2910 prius
168 2855 324 2906 numquam
352 2838 486 2908 congredi
514 2839 651 2893 auderent
674 2841 709 2894 E.
734 2840 905 2895 Schwarac'os
932 2841 990 2894 tad.
1019 2841 1077 2895 tect.

59 2912 189 2966 Rootoct
209 2916 273 2964 aaut.
293 2913 364 2963 1889
380 2926 410 2978 p.
425 2915 442 2962 4
458 2912 462 2979 Ι
479 2909 600 2979 amplius
619 2911 647 2962 B
666 2909 787 2980 amplius
806 2929 892 2980 quam
908 2911 941 2966 0:
960 2911 1080 2965 correxit

59 2982 249 3037 Mommseuos
274 2982 278 3049 Ι
301 2979 445 3050 comgredi
468 2982 507 3049 (m
524 2986 556 3034 tra
573 2999 593 3033 n
610 2984 727 3037 mutavit
744 2999 778 3036 aa.
798 2985 825 3052 1)
845 2983 879 3036 N
899 2986 902 3049 Ι
929 2981 1078 3034 auderent:

59 3055 183 3121 correxit
196 3052 389 3118 Mommeeaas,
407 3069 445 3105 oo
464 3052 540 3120 apud
555 3049 681 3119 Capuam
699 3054 795 3106 autem
812 3052 928 3122 proeliis
945 3049 1079 3119 congredi

61 3121 221 3177 auderent?
247 3123 257 3191 ΙΙ
286 3128 384 3177 tcum
408 3121 500 3175 sulum
518 3122 545 3175 L
572 3125 581 3191 ΙΙ
609 3129 624 3176 8
647 3125 826 3193 pugnauerat
847 3124 875 3177 L
898 3124 970 3178 Voss
990 3121 1077 3175 neae.

59 3196 173 3250 Monac.
188 3194 280 3247 Palot.
299 3194 508 3262 repugnauerat
521 3195 548 3247 Β
566 3193 736 3263 pugnauerit
749 3195 783 3248 N
794 3190 1025 3264 depugnaverat?
1038 3193 1047 3259 ΙΙ
1061 3196 1077 3243 9

58 3264 243 3320 hostenderet
260 3266 288 3319 B
307 3263 463 3318 ostenderit
481 3281 530 3319 om.
552 3263 576 3318 Ο
593 3269 597 3330 Ι
618 3281 672 3332 que
690 3266 718 3319 Β
737 3265 805 3332 quia
826 3265 849 3319 0
870 3273 873 3331 Ι
899 3263 974 3316 esset
994 3261 1053 3317 Bo
1071 3261 1074 3330 Ι

60 3335 91 3390 in
115 3353 203 3405 aomo
225 3351 332 3390 aereum
355 3333 390 3388 N
393 3335 401 3364 ¹
425 3339 429 3400 Ι
454 3334 484 3388 in
505 3353 592 3404 sopra
613 3352 719 3416 versura
736 3337 769 3416 ,Β
792 3338 801 3404 ΙΙ
826 3341 857 3387 11
882 3332 1079 3414 deuolueritss

59 3413 200 3532 ‘mett
217 3405 867 3545 'stetit'titttt.tt¹²t¹t¹tdtt³i
883 3405 1079 3545 ttttttt

59 3550 93 3603 N
97 3550 108 3579 ²
122 3550 132 3618 ΙΙ
146 3552 181 3602 16
196 3546 290 3601 subito
304 3549 336 3602 ia
350 3546 457 3601 subtito
471 3549 590 3603 corrosit
604 3549 631 3601 Β
647 3549 652 3615 Ι
668 3546 806 3600 afinitatis
816 3548 843 3601 L
855 3547 858 3620 Ι
871 3546 1039 3616 contagione
1049 3546 1083 3601 N
