<?xml version="1.0" encoding="UTF-8"?>
<!DOCTYPE html PUBLIC "-//W3C//DTD XHTML 1.0 Transitional//EN"
    "http://www.w3.org/TR/xhtml1/DTD/xhtml1-transitional.dtd">
<html xmlns="http://www.w3.org/1999/xhtml" xml:lang="en" lang="en">
 <head>
  <title>
</title>
<meta http-equiv="Content-Type" content="text/html;charset=utf-8" />
  <meta name='ocr-system' content='tesseract 3.04.00' />
  <meta name='ocr-capabilities' content='ocr_page ocr_carea ocr_par ocr_line ocrx_word'/>
</head>
<body>
  <div class='ocr_page' id='page_1' title='image "./lannaeifloriepi04florgoog_0038.png"; bbox 0 0 2334 3922; ppageno 0'>
   <div class='ocr_carea' id='block_1_1' title="bbox 365 163 1072 235">
    <p class='ocr_par' dir='ltr' id='par_1_1' title="bbox 365 163 1072 235">
     <span class='ocr_line' id='line_1_1' title="bbox 365 163 1072 235; baseline 0.001 -18"><span class='ocrx_word' id='word_1_1' title='bbox 365 164 572 235; x_wconf 27' lang='lat' dir='ltr'><em>,amasium</em></span> <span class='ocrx_word' id='word_1_2' title='bbox 591 164 762 217; x_wconf 77' lang='grc'>55155515</span> <span class='ocrx_word' id='word_1_3' title='bbox 955 163 1072 218; x_wconf 76' lang='lat' dir='ltr'><em>xxxin</em></span> 
     </span>
    </p>
   </div>
   <div class='ocr_carea' id='block_1_2' title="bbox 52 325 1075 2635">
    <p class='ocr_par' dir='ltr' id='par_1_2' title="bbox 52 325 1075 2635">
     <span class='ocr_line' id='line_1_2' title="bbox 52 325 1074 414; baseline -0.004 -20"><span class='ocrx_word' id='word_1_4' title='bbox 52 325 165 414; x_wconf 78' lang='lat' dir='ltr'><em>iam¹);</em></span> <span class='ocrx_word' id='word_1_5' title='bbox 205 335 259 411; x_wconf 91' lang='lat'>60,</span> <span class='ocrx_word' id='word_1_6' title='bbox 286 333 325 390; x_wconf 92' lang='grc'><em>13</em></span> <span class='ocrx_word' id='word_1_7' title='bbox 359 335 472 390; x_wconf 70' lang='lat' dir='ltr'><em>uuum</em></span> <span class='ocrx_word' id='word_1_8' title='bbox 503 333 579 405; x_wconf 75' lang='lat' dir='ltr'><em>quod</em></span> <span class='ocrx_word' id='word_1_9' title='bbox 611 332 648 390; x_wconf 90' lang='lat' dir='ltr'><em>ab</em></span> <span class='ocrx_word' id='word_1_10' title='bbox 675 330 753 405; x_wconf 84' lang='lat' dir='ltr'><em>Alpe</em></span> <span class='ocrx_word' id='word_1_11' title='bbox 784 333 970 392; x_wconf 72' lang='lat' dir='ltr'><em>descenderat</em></span> <span class='ocrx_word' id='word_1_12' title='bbox 1001 337 1074 406; x_wconf 80' lang='lat' dir='ltr'><em>aput</em></span> 
     </span>
     <span class='ocr_line' id='line_1_3' title="bbox 53 414 1071 499; baseline -0.001 -17"><span class='ocrx_word' id='word_1_13' title='bbox 53 414 279 498; x_wconf 60' lang='lat' dir='ltr'><em>deaurant),</em></span> <span class='ocrx_word' id='word_1_14' title='bbox 304 422 355 496; x_wconf 91' lang='lat'>61,</span> <span class='ocrx_word' id='word_1_15' title='bbox 376 423 417 479; x_wconf 91' lang='grc'><em>12-</em></span> <span class='ocrx_word' id='word_1_16' title='bbox 434 419 587 480; x_wconf 75' lang='lat' dir='ltr'><strong><em>Numidici</em></strong></span> <span class='ocrx_word' id='word_1_17' title='bbox 608 423 685 495; x_wconf 69' lang='lat' dir='ltr'><em>repis</em></span> <span class='ocrx_word' id='word_1_18' title='bbox 708 423 859 493; x_wconf 80' lang='lat' dir='ltr'><em>equitatus,</em></span> <span class='ocrx_word' id='word_1_19' title='bbox 882 441 937 498; x_wconf 88' lang='lat' dir='ltr'><em>pro</em></span> <span class='ocrx_word' id='word_1_20' title='bbox 961 422 1071 499; x_wconf 89' lang='lat' dir='ltr'><em>quibus</em></span> 
     </span>
     <span class='ocr_line' id='line_1_4' title="bbox 56 509 1072 590; baseline -0.001 -19"><span class='ocrx_word' id='word_1_21' title='bbox 56 531 136 590; x_wconf 89' lang='lat' dir='ltr'><em>quae</em></span> <span class='ocrx_word' id='word_1_22' title='bbox 167 511 200 569; x_wconf 92' lang='lat' dir='ltr'><em>in</em></span> <span class='ocrx_word' id='word_1_23' title='bbox 224 509 247 570; x_wconf 84' lang='grc'>0</span> <span class='ocrx_word' id='word_1_24' title='bbox 277 511 421 587; x_wconf 82' lang='lat' dir='ltr'><em>leguntur</em></span> <span class='ocrx_word' id='word_1_25' title='bbox 450 512 590 569; x_wconf 79' lang='lat' dir='ltr'><em>euucitus</em></span> <span class='ocrx_word' id='word_1_26' title='bbox 611 511 691 583; x_wconf 74' lang='lat' dir='ltr'><em>fudit</em></span> <span class='ocrx_word' id='word_1_27' title='bbox 712 529 799 568; x_wconf 91' lang='lat' dir='ltr'><em>nemo</em></span> <span class='ocrx_word' id='word_1_28' title='bbox 823 509 976 570; x_wconf 79' lang='lat' dir='ltr'><strong><em>dubitabit</em></strong></span> <span class='ocrx_word' id='word_1_29' title='bbox 999 511 1072 588; x_wconf 87' lang='lat' dir='ltr'><em>quin</em></span> 
     </span>
     <span class='ocr_line' id='line_1_5' title="bbox 55 598 1070 679; baseline -0.003 -17"><span class='ocrx_word' id='word_1_30' title='bbox 55 601 162 679; x_wconf 85' lang='lat' dir='ltr'><em>spuria</em></span> <span class='ocrx_word' id='word_1_31' title='bbox 182 598 256 675; x_wconf 81' lang='grc'>5151,</span> <span class='ocrx_word' id='word_1_32' title='bbox 285 601 336 672; x_wconf 88' lang='grc'><em>73,</em></span> <span class='ocrx_word' id='word_1_33' title='bbox 353 602 369 658; x_wconf 91' lang='grc'><em>1</em></span> <span class='ocrx_word' id='word_1_34' title='bbox 389 599 499 658; x_wconf 77' lang='lat' dir='ltr'><em>Persae</em></span> <span class='ocrx_word' id='word_1_35' title='bbox 515 600 586 673; x_wconf 74' lang='lat' dir='ltr'><em>dlii,</em></span> <span class='ocrx_word' id='word_1_36' title='bbox 616 601 688 673; x_wconf 93' lang='grc'>120,</span> <span class='ocrx_word' id='word_1_37' title='bbox 705 602 723 658; x_wconf 98' lang='grc'>2</span> <span class='ocrx_word' id='word_1_38' title='bbox 743 601 806 658; x_wconf 89' lang='lat' dir='ltr'><em>siue</em></span> <span class='ocrx_word' id='word_1_39' title='bbox 823 603 934 675; x_wconf 73' lang='grc'>551555,</span> <span class='ocrx_word' id='word_1_40' title='bbox 965 602 1070 678; x_wconf 88' lang='grc'>130,1</span> 
     </span>
     <span class='ocr_line' id='line_1_6' title="bbox 55 680 1072 769; baseline -0.003 -19"><span class='ocrx_word' id='word_1_41' title='bbox 55 693 128 750; x_wconf 83' lang='lat' dir='ltr'><em>dua</em></span> <span class='ocrx_word' id='word_1_42' title='bbox 155 693 252 766; x_wconf 82' lang='grc'>15551,</span> <span class='ocrx_word' id='word_1_43' title='bbox 287 690 363 765; x_wconf 88' lang='grc'>149,</span> <span class='ocrx_word' id='word_1_44' title='bbox 383 690 425 747; x_wconf 96' lang='grc'><em>20</em></span> <span class='ocrx_word' id='word_1_45' title='bbox 453 689 591 747; x_wconf 85' lang='lat' dir='ltr'><em>lituorura</em></span> <span class='ocrx_word' id='word_1_46' title='bbox 617 689 650 746; x_wconf 91' lang='lat' dir='ltr'><em>iu</em></span> <span class='ocrx_word' id='word_1_47' title='bbox 677 705 745 747; x_wconf 86' lang='lat' dir='ltr'><em>suos</em></span> <span class='ocrx_word' id='word_1_48' title='bbox 772 705 834 747; x_wconf 88' lang='lat' dir='ltr'><em>sese</em></span> <span class='ocrx_word' id='word_1_49' title='bbox 856 680 932 769; x_wconf 85' lang='lat' dir='ltr'><em>(esse</em></span> <span class='ocrx_word' id='word_1_50' title='bbox 954 685 994 765; x_wconf 90' lang='lat' dir='ltr'><em>B)</em></span> <span class='ocrx_word' id='word_1_51' title='bbox 1018 691 1072 748; x_wconf 91' lang='lat' dir='ltr'><em>cir·</em></span> 
     </span>
     <span class='ocr_line' id='line_1_7' title="bbox 56 778 1072 855; baseline -0.001 -16"><span class='ocrx_word' id='word_1_52' title='bbox 56 795 217 855; x_wconf 71' lang='grc'>5555955,</span> <span class='ocrx_word' id='word_1_53' title='bbox 256 779 329 854; x_wconf 94' lang='grc'>150,</span> <span class='ocrx_word' id='word_1_54' title='bbox 357 780 398 836; x_wconf 88' lang='grc'><em>19</em></span> <span class='ocrx_word' id='word_1_55' title='bbox 430 778 507 850; x_wconf 80' lang='lat' dir='ltr'><em>quod</em></span> <span class='ocrx_word' id='word_1_56' title='bbox 537 779 600 851; x_wconf 81' lang='lat' dir='ltr'><em>ipse</em></span> <span class='ocrx_word' id='word_1_57' title='bbox 632 778 675 835; x_wconf 87' lang='lat' dir='ltr'><em>bis</em></span> <span class='ocrx_word' id='word_1_58' title='bbox 703 778 826 854; x_wconf 70' lang='lat' dir='ltr'><em>fecerat,</em></span> <span class='ocrx_word' id='word_1_59' title='bbox 866 779 938 854; x_wconf 88' lang='grc'>152,</span> <span class='ocrx_word' id='word_1_60' title='bbox 966 779 984 835; x_wconf 98' lang='grc'>2</span> <span class='ocrx_word' id='word_1_61' title='bbox 1017 796 1072 850; x_wconf 81' lang='lat' dir='ltr'><em>quo</em></span> 
     </span>
     <span class='ocr_line' id='line_1_8' title="bbox 56 859 1072 948; baseline -0.002 -20"><span class='ocrx_word' id='word_1_62' title='bbox 56 859 196 948; x_wconf 76' lang='lat' dir='ltr'><em>usquc³);</em></span> <span class='ocrx_word' id='word_1_63' title='bbox 218 865 289 926; x_wconf 92' lang='lat' dir='ltr'><em>ibid.</em></span> <span class='ocrx_word' id='word_1_64' title='bbox 305 867 324 924; x_wconf 87' lang='lat'>8</span> <span class='ocrx_word' id='word_1_65' title='bbox 344 867 499 940; x_wconf 72' lang='grc'>5195115555</span> <span class='ocrx_word' id='word_1_66' title='bbox 516 883 603 925; x_wconf 90' lang='lat' dir='ltr'><em>orare</em></span> <span class='ocrx_word' id='word_1_67' title='bbox 618 867 731 925; x_wconf 80' lang='lat' dir='ltr'><em>tortari</em></span> <span class='ocrx_word' id='word_1_68' title='bbox 747 868 912 943; x_wconf 72' lang='grc'>15555555,</span> <span class='ocrx_word' id='word_1_69' title='bbox 943 868 1015 944; x_wconf 90' lang='grc'>155,</span> <span class='ocrx_word' id='word_1_70' title='bbox 1031 869 1072 927; x_wconf 91' lang='grc'><em>20</em></span> 
     </span>
     <span class='ocr_line' id='line_1_9' title="bbox 58 956 1073 1032; baseline -0.001 -15"><span class='ocrx_word' id='word_1_71' title='bbox 58 959 185 1017; x_wconf 71' lang='lat' dir='ltr'><em>cuiauis</em></span> <span class='ocrx_word' id='word_1_72' title='bbox 206 956 373 1030; x_wconf 83' lang='lat' dir='ltr'><em>seruilibus3</em></span> <span class='ocrx_word' id='word_1_73' title='bbox 404 957 544 1028; x_wconf 83' lang='lat'>157,10</span> <span class='ocrx_word' id='word_1_74' title='bbox 566 957 696 1014; x_wconf 84' lang='lat' dir='ltr'><em>cousules</em></span> <span class='ocrx_word' id='word_1_75' title='bbox 719 957 804 1032; x_wconf 74' lang='lat' dir='ltr'><em>duos,</em></span> <span class='ocrx_word' id='word_1_76' title='bbox 837 956 909 1028; x_wconf 89' lang='grc'>159,</span> <span class='ocrx_word' id='word_1_77' title='bbox 930 958 948 1014; x_wconf 98' lang='grc'>2</span> <span class='ocrx_word' id='word_1_78' title='bbox 973 957 1073 1016; x_wconf 87' lang='lat' dir='ltr'><em>caedes</em></span> 
     </span>
     <span class='ocr_line' id='line_1_10' title="bbox 57 1041 1075 1120; baseline -0.002 -14"><span class='ocrx_word' id='word_1_79' title='bbox 57 1047 280 1120; x_wconf 83' lang='lat' dir='ltr'><em>improbaretur.</em></span> <span class='ocrx_word' id='word_1_80' title='bbox 326 1045 416 1118; x_wconf 67' lang='lat' dir='ltr'><em>teitu</em></span> <span class='ocrx_word' id='word_1_81' title='bbox 440 1041 599 1120; x_wconf 65' lang='lat' dir='ltr'><em>dicereris,</em></span> <span class='ocrx_word' id='word_1_82' title='bbox 637 1044 708 1102; x_wconf 87' lang='lat' dir='ltr'><strong><em>ibid.</em></strong></span> <span class='ocrx_word' id='word_1_83' title='bbox 731 1047 771 1103; x_wconf 91' lang='grc'><em>14</em></span> <span class='ocrx_word' id='word_1_84' title='bbox 800 1049 826 1103; x_wconf 91' lang='grc'><em>51</em></span> <span class='ocrx_word' id='word_1_85' title='bbox 854 1046 947 1118; x_wconf 70' lang='lat' dir='ltr'><em>siquis</em></span> <span class='ocrx_word' id='word_1_86' title='bbox 968 1047 1075 1104; x_wconf 87' lang='lat' dir='ltr'><em>iusedit</em></span> 
     </span>
     <span class='ocr_line' id='line_1_11' title="bbox 57 1131 1072 1212; baseline -0.002 -17"><span class='ocrx_word' id='word_1_87' title='bbox 57 1153 194 1212; x_wconf 82' lang='grc'>5555555,</span> <span class='ocrx_word' id='word_1_88' title='bbox 219 1136 293 1210; x_wconf 93' lang='grc'>161,</span> <span class='ocrx_word' id='word_1_89' title='bbox 309 1134 327 1192; x_wconf 95' lang='grc'>5</span> <span class='ocrx_word' id='word_1_90' title='bbox 347 1151 382 1192; x_wconf 86' lang='grc'><em>55</em></span> <span class='ocrx_word' id='word_1_91' title='bbox 394 1133 581 1210; x_wconf 75' lang='lat' dir='ltr'><em>fortissimos,</em></span> <span class='ocrx_word' id='word_1_92' title='bbox 606 1135 678 1211; x_wconf 92' lang='lat'>167,</span> <span class='ocrx_word' id='word_1_93' title='bbox 694 1135 713 1192; x_wconf 88' lang='grc'>8</span> <span class='ocrx_word' id='word_1_94' title='bbox 728 1150 812 1192; x_wconf 83' lang='lat' dir='ltr'><em>uuae</em></span> <span class='ocrx_word' id='word_1_95' title='bbox 825 1135 893 1192; x_wconf 86' lang='lat' dir='ltr'><em>litus</em></span> <span class='ocrx_word' id='word_1_96' title='bbox 906 1131 1072 1210; x_wconf 74' lang='lat' dir='ltr'><em>detinenda,</em></span> 
     </span>
     <span class='ocr_line' id='line_1_12' title="bbox 61 1223 1072 1301; baseline -0.002 -17"><span class='ocrx_word' id='word_1_97' title='bbox 61 1228 136 1300; x_wconf 90' lang='grc'>169,</span> <span class='ocrx_word' id='word_1_98' title='bbox 164 1227 203 1283; x_wconf 90' lang='grc'><em>11</em></span> <span class='ocrx_word' id='word_1_99' title='bbox 234 1223 352 1282; x_wconf 88' lang='lat' dir='ltr'><em>dabaut.</em></span> <span class='ocrx_word' id='word_1_100' title='bbox 380 1224 466 1295; x_wconf 79' lang='lat' dir='ltr'><em>quast</em></span> <span class='ocrx_word' id='word_1_101' title='bbox 491 1224 525 1280; x_wconf 90' lang='lat' dir='ltr'><em>iu</em></span> <span class='ocrx_word' id='word_1_102' title='bbox 551 1239 652 1295; x_wconf 74' lang='lat' dir='ltr'><em>rupes,</em></span> <span class='ocrx_word' id='word_1_103' title='bbox 691 1223 768 1298; x_wconf 94' lang='grc'>170,</span> <span class='ocrx_word' id='word_1_104' title='bbox 798 1226 816 1281; x_wconf 94' lang='grc'>7</span> <span class='ocrx_word' id='word_1_105' title='bbox 843 1225 992 1296; x_wconf 72' lang='lat' dir='ltr'><em>iuaressus</em></span> <span class='ocrx_word' id='word_1_106' title='bbox 1020 1228 1072 1301; x_wconf 84' lang='grc'>551,</span> 
     </span>
     <span class='ocr_line' id='line_1_13' title="bbox 62 1311 1073 1390; baseline 0 -18"><span class='ocrx_word' id='word_1_107' title='bbox 62 1316 133 1390; x_wconf 92' lang='grc'>171,</span> <span class='ocrx_word' id='word_1_108' title='bbox 154 1315 172 1371; x_wconf 99' lang='grc'><em>1</em></span> <span class='ocrx_word' id='word_1_109' title='bbox 197 1329 303 1371; x_wconf 87' lang='lat' dir='ltr'><em>uorucu</em></span> <span class='ocrx_word' id='word_1_110' title='bbox 326 1313 379 1388; x_wconf 83' lang='grc'>515,</span> <span class='ocrx_word' id='word_1_111' title='bbox 409 1313 482 1388; x_wconf 91' lang='grc'>172,</span> <span class='ocrx_word' id='word_1_112' title='bbox 503 1313 520 1370; x_wconf 94' lang='grc'>9</span> <span class='ocrx_word' id='word_1_113' title='bbox 544 1311 743 1369; x_wconf 74' lang='lat' dir='ltr'><em>Rhoemetalce</em></span> <span class='ocrx_word' id='word_1_114' title='bbox 764 1329 841 1387; x_wconf 74' lang='lat' dir='ltr'><em>repe,</em></span> <span class='ocrx_word' id='word_1_115' title='bbox 872 1314 1005 1389; x_wconf 91' lang='lat'>177,16</span> <span class='ocrx_word' id='word_1_116' title='bbox 1028 1330 1073 1372; x_wconf 92' lang='lat' dir='ltr'><em>re-</em></span> 
     </span>
     <span class='ocr_line' id='line_1_14' title="bbox 54 1398 1074 1476; baseline -0.002 -15"><span class='ocrx_word' id='word_1_117' title='bbox 54 1406 140 1476; x_wconf 78' lang='lat' dir='ltr'><em>ponte</em></span> <span class='ocrx_word' id='word_1_118' title='bbox 167 1402 247 1475; x_wconf 78' lang='lat' dir='ltr'><em>ferro</em></span> <span class='ocrx_word' id='word_1_119' title='bbox 269 1401 365 1459; x_wconf 88' lang='lat' dir='ltr'><em>subiit.</em></span> <span class='ocrx_word' id='word_1_120' title='bbox 399 1403 426 1458; x_wconf 91' lang='lat' dir='ltr'><em>et</em></span> <span class='ocrx_word' id='word_1_121' title='bbox 451 1403 519 1458; x_wconf 90' lang='lat' dir='ltr'><em>tuuc</em></span> <span class='ocrx_word' id='word_1_122' title='bbox 541 1401 657 1474; x_wconf 78' lang='lat' dir='ltr'><em>quidcru</em></span> <span class='ocrx_word' id='word_1_123' title='bbox 680 1398 776 1476; x_wconf 77' lang='lat' dir='ltr'><em>Cae-3</em></span> <span class='ocrx_word' id='word_1_124' title='bbox 815 1402 952 1476; x_wconf 91' lang='grc'>179,11</span> <span class='ocrx_word' id='word_1_125' title='bbox 984 1405 1074 1460; x_wconf 75' lang='grc'>555515</span> 
     </span>
     <span class='ocr_line' id='line_1_15' title="bbox 56 1490 1073 1567; baseline -0.002 -17"><span class='ocrx_word' id='word_1_126' title='bbox 56 1493 178 1565; x_wconf 65' lang='lat' dir='ltr'><em>pravior</em></span> <span class='ocrx_word' id='word_1_127' title='bbox 210 1491 251 1549; x_wconf 85' lang='lat' dir='ltr'><em>ad</em></span> <span class='ocrx_word' id='word_1_128' title='bbox 280 1490 313 1548; x_wconf 92' lang='lat' dir='ltr'><strong><em>id</em></strong></span> <span class='ocrx_word' id='word_1_129' title='bbox 344 1493 456 1563; x_wconf 80' lang='lat' dir='ltr'><em>ternpus</em></span> <span class='ocrx_word' id='word_1_130' title='bbox 486 1490 647 1564; x_wconf 80' lang='lat' dir='ltr'><em>iadoruitis3</em></span> <span class='ocrx_word' id='word_1_131' title='bbox 688 1491 797 1565; x_wconf 90' lang='grc'>180,1</span> <span class='ocrx_word' id='word_1_132' title='bbox 831 1490 985 1547; x_wconf 74' lang='lat' dir='ltr'><em>ridebatur</em></span> <span class='ocrx_word' id='word_1_133' title='bbox 1014 1490 1073 1567; x_wconf 81' lang='grc'>1515,</span> 
     </span>
     <span class='ocr_line' id='line_1_16' title="bbox 58 1577 1073 1654; baseline -0.002 -15"><span class='ocrx_word' id='word_1_134' title='bbox 58 1580 127 1641; x_wconf 90' lang='lat' dir='ltr'><strong><em>ibid.</em></strong></span> <span class='ocrx_word' id='word_1_135' title='bbox 150 1583 169 1639; x_wconf 93' lang='lat'>7</span> <span class='ocrx_word' id='word_1_136' title='bbox 188 1596 248 1653; x_wconf 81' lang='lat' dir='ltr'><em>pro</em></span> <span class='ocrx_word' id='word_1_137' title='bbox 271 1580 392 1638; x_wconf 85' lang='lat' dir='ltr'><em>uictoria</em></span> <span class='ocrx_word' id='word_1_138' title='bbox 412 1579 479 1650; x_wconf 78' lang='lat' dir='ltr'><em>fuit.</em></span> <span class='ocrx_word' id='word_1_139' title='bbox 525 1578 683 1654; x_wconf 90' lang='lat' dir='ltr'><em>aliquanto</em></span> <span class='ocrx_word' id='word_1_140' title='bbox 706 1577 804 1637; x_wconf 90' lang='lat' dir='ltr'><em>minor</em></span> <span class='ocrx_word' id='word_1_141' title='bbox 827 1581 873 1637; x_wconf 88' lang='lat' dir='ltr'><em>est</em></span> <span class='ocrx_word' id='word_1_142' title='bbox 895 1578 1073 1637; x_wconf 88' lang='lat' dir='ltr'><em>lacunarum</em></span> 
     </span>
     <span class='ocr_line' id='line_1_17' title="bbox 58 1665 1073 1744; baseline -0.002 -15"><span class='ocrx_word' id='word_1_143' title='bbox 58 1670 129 1729; x_wconf 87' lang='lat' dir='ltr'><strong><em>libri</em></strong></span> <span class='ocrx_word' id='word_1_144' title='bbox 154 1668 180 1726; x_wconf 95' lang='lat' dir='ltr'>B</span> <span class='ocrx_word' id='word_1_145' title='bbox 204 1685 348 1727; x_wconf 89' lang='lat' dir='ltr'><em>numerus</em></span> <span class='ocrx_word' id='word_1_146' title='bbox 372 1685 449 1742; x_wconf 91' lang='lat' dir='ltr'><em>quae</em></span> <span class='ocrx_word' id='word_1_147' title='bbox 473 1666 505 1724; x_wconf 91' lang='lat' dir='ltr'><em>in</em></span> <span class='ocrx_word' id='word_1_148' title='bbox 529 1665 551 1726; x_wconf 83' lang='lat'>0</span> <span class='ocrx_word' id='word_1_149' title='bbox 574 1686 634 1726; x_wconf 89' lang='lat' dir='ltr'><em>non</em></span> <span class='ocrx_word' id='word_1_150' title='bbox 658 1669 770 1726; x_wconf 83' lang='lat' dir='ltr'><em>extant.</em></span> <span class='ocrx_word' id='word_1_151' title='bbox 815 1667 847 1725; x_wconf 90' lang='lat' dir='ltr'><em>in</em></span> <span class='ocrx_word' id='word_1_152' title='bbox 870 1667 981 1744; x_wconf 88' lang='lat' dir='ltr'><em>quibus</em></span> <span class='ocrx_word' id='word_1_153' title='bbox 1004 1687 1073 1727; x_wconf 90' lang='lat' dir='ltr'><em>eon-</em></span> 
     </span>
     <span class='ocr_line' id='line_1_18' title="bbox 57 1755 1073 1833; baseline -0.003 -15"><span class='ocrx_word' id='word_1_154' title='bbox 57 1757 231 1818; x_wconf 89' lang='lat' dir='ltr'><em>siderandis</em></span> <span class='ocrx_word' id='word_1_155' title='bbox 258 1775 296 1816; x_wconf 90' lang='lat' dir='ltr'><em>ne</em></span> <span class='ocrx_word' id='word_1_156' title='bbox 324 1755 512 1817; x_wconf 89' lang='lat' dir='ltr'><em>obliviscaris</em></span> <span class='ocrx_word' id='word_1_157' title='bbox 541 1773 682 1833; x_wconf 82' lang='lat' dir='ltr'><em>magnam</em></span> <span class='ocrx_word' id='word_1_158' title='bbox 711 1774 816 1815; x_wconf 90' lang='lat' dir='ltr'><em>earum</em></span> <span class='ocrx_word' id='word_1_159' title='bbox 841 1760 959 1832; x_wconf 87' lang='lat' dir='ltr'><em>partem</em></span> <span class='ocrx_word' id='word_1_160' title='bbox 985 1757 1017 1815; x_wconf 90' lang='lat' dir='ltr'><em>in</em></span> <span class='ocrx_word' id='word_1_161' title='bbox 1047 1757 1073 1815; x_wconf 94' lang='lat' dir='ltr'>B</span> 
     </span>
     <span class='ocr_line' id='line_1_19' title="bbox 56 1837 1073 1925; baseline -0.002 -18"><span class='ocrx_word' id='word_1_162' title='bbox 56 1848 157 1925; x_wconf 90' lang='lat' dir='ltr'><em>primo</em></span> <span class='ocrx_word' id='word_1_163' title='bbox 177 1848 277 1906; x_wconf 88' lang='lat' dir='ltr'><em>ortam</em></span> <span class='ocrx_word' id='word_1_164' title='bbox 294 1844 390 1904; x_wconf 89' lang='lat' dir='ltr'><em>videri</em></span> <span class='ocrx_word' id='word_1_165' title='bbox 405 1837 448 1924; x_wconf 89' lang='lat' dir='ltr'><em>(p.</em></span> <span class='ocrx_word' id='word_1_166' title='bbox 465 1845 537 1921; x_wconf 90' lang='grc'>175,</span> <span class='ocrx_word' id='word_1_167' title='bbox 553 1843 598 1922; x_wconf 78' lang='lat'>4),</span> <span class='ocrx_word' id='word_1_168' title='bbox 617 1862 686 1902; x_wconf 87' lang='lat' dir='ltr'><em>cum</em></span> <span class='ocrx_word' id='word_1_169' title='bbox 703 1844 719 1903; x_wconf 95' lang='grc' dir='ltr'>Ι</span> <span class='ocrx_word' id='word_1_170' title='bbox 737 1845 774 1904; x_wconf 90' lang='grc'><em>115</em></span> <span class='ocrx_word' id='word_1_171' title='bbox 793 1844 867 1904; x_wconf 88' lang='grc'>15515</span> <span class='ocrx_word' id='word_1_172' title='bbox 887 1846 996 1921; x_wconf 90' lang='lat' dir='ltr'><em>quibus</em></span> <span class='ocrx_word' id='word_1_173' title='bbox 1010 1865 1073 1905; x_wconf 91' lang='lat' dir='ltr'><em>ma-</em></span> 
     </span>
     <span class='ocr_line' id='line_1_20' title="bbox 56 1932 1073 2012; baseline -0.001 -17"><span class='ocrx_word' id='word_1_174' title='bbox 56 1938 157 1996; x_wconf 85' lang='lat' dir='ltr'><em>ximae</em></span> <span class='ocrx_word' id='word_1_175' title='bbox 171 1936 299 1994; x_wconf 87' lang='lat' dir='ltr'><em>lacunae</em></span> <span class='ocrx_word' id='word_1_176' title='bbox 317 1934 404 1993; x_wconf 84' lang='lat' dir='ltr'><em>hiant</em></span> <span class='ocrx_word' id='word_1_177' title='bbox 418 1932 554 1992; x_wconf 87' lang='lat' dir='ltr'><em>adhiberi</em></span> <span class='ocrx_word' id='word_1_178' title='bbox 572 1936 712 2010; x_wconf 80' lang='lat' dir='ltr'><em>nequeat,</em></span> <span class='ocrx_word' id='word_1_179' title='bbox 731 1933 841 1994; x_wconf 89' lang='lat' dir='ltr'><em>Lvero</em></span> <span class='ocrx_word' id='word_1_180' title='bbox 861 1934 974 2012; x_wconf 89' lang='lat' dir='ltr'><em>aliique</em></span> <span class='ocrx_word' id='word_1_181' title='bbox 994 1935 1073 1994; x_wconf 90' lang='lat' dir='ltr'><em>eius-</em></span> 
     </span>
     <span class='ocr_line' id='line_1_21' title="bbox 57 2017 1074 2100; baseline -0.002 -16"><span class='ocrx_word' id='word_1_182' title='bbox 57 2026 126 2084; x_wconf 88' lang='lat' dir='ltr'><em>dem</em></span> <span class='ocrx_word' id='word_1_183' title='bbox 145 2023 281 2083; x_wconf 85' lang='lat' dir='ltr'><em>iamiliae</em></span> <span class='ocrx_word' id='word_1_184' title='bbox 300 2023 370 2081; x_wconf 89' lang='lat' dir='ltr'><strong><em>libri</em></strong></span> <span class='ocrx_word' id='word_1_185' title='bbox 389 2023 535 2100; x_wconf 89' lang='lat' dir='ltr'><em>quasdam</em></span> <span class='ocrx_word' id='word_1_186' title='bbox 554 2022 694 2099; x_wconf 79' lang='lat' dir='ltr'><em>expleant</em></span> <span class='ocrx_word' id='word_1_187' title='bbox 713 2041 788 2099; x_wconf 90' lang='lat' dir='ltr'><em>quas</em></span> <span class='ocrx_word' id='word_1_188' title='bbox 806 2023 836 2082; x_wconf 90' lang='lat' dir='ltr'>N</span> <span class='ocrx_word' id='word_1_189' title='bbox 859 2017 990 2099; x_wconf 57' lang='grc'>151514).</span> <span class='ocrx_word' id='word_1_190' title='bbox 1026 2025 1074 2083; x_wconf 83' lang='grc'><em>15-</em></span> 
     </span>
     <span class='ocr_line' id='line_1_22' title="bbox 57 2111 1072 2191; baseline -0.004 -17"><span class='ocrx_word' id='word_1_191' title='bbox 57 2117 131 2174; x_wconf 82' lang='lat' dir='ltr'><em>sunt</em></span> <span class='ocrx_word' id='word_1_192' title='bbox 150 2113 247 2191; x_wconf 83' lang='lat' dir='ltr'><em>igitur</em></span> <span class='ocrx_word' id='word_1_193' title='bbox 264 2112 296 2170; x_wconf 91' lang='lat' dir='ltr'><em>in</em></span> <span class='ocrx_word' id='word_1_194' title='bbox 313 2112 339 2170; x_wconf 94' lang='lat' dir='ltr'>B</span> <span class='ocrx_word' id='word_1_195' title='bbox 357 2111 445 2171; x_wconf 89' lang='lat' dir='ltr'><em>haee:</em></span> <span class='ocrx_word' id='word_1_196' title='bbox 475 2133 504 2189; x_wconf 86' lang='lat' dir='ltr'><em>p.</em></span> <span class='ocrx_word' id='word_1_197' title='bbox 526 2114 560 2187; x_wconf 90' lang='lat'>6,</span> <span class='ocrx_word' id='word_1_198' title='bbox 582 2115 598 2171; x_wconf 93' lang='lat'>1</span> <span class='ocrx_word' id='word_1_199' title='bbox 623 2128 833 2185; x_wconf 70' lang='lat' dir='ltr'><em>processusque</em></span> <span class='ocrx_word' id='word_1_200' title='bbox 856 2114 917 2171; x_wconf 88' lang='lat' dir='ltr'><em>eius</em></span> <span class='ocrx_word' id='word_1_201' title='bbox 940 2114 1072 2170; x_wconf 87' lang='lat' dir='ltr'><em>iuoeuiet.</em></span> 
     </span>
     <span class='ocr_line' id='line_1_23' title="bbox 52 2199 1074 2279; baseline -0.004 -17"><span class='ocrx_word' id='word_1_202' title='bbox 52 2205 172 2279; x_wconf 70' lang='lat' dir='ltr'><em>urbita,</em></span> <span class='ocrx_word' id='word_1_203' title='bbox 200 2221 254 2278; x_wconf 92' lang='lat' dir='ltr'><em>pro</em></span> <span class='ocrx_word' id='word_1_204' title='bbox 278 2200 388 2279; x_wconf 91' lang='lat' dir='ltr'><em>quibus</em></span> <span class='ocrx_word' id='word_1_205' title='bbox 417 2218 494 2277; x_wconf 90' lang='lat' dir='ltr'><em>qnae</em></span> <span class='ocrx_word' id='word_1_206' title='bbox 523 2199 683 2259; x_wconf 79' lang='lat' dir='ltr'><em>substituit</em></span> <span class='ocrx_word' id='word_1_207' title='bbox 709 2217 808 2260; x_wconf 82' lang='lat' dir='ltr'><em>raucae</em></span> <span class='ocrx_word' id='word_1_208' title='bbox 830 2205 912 2259; x_wconf 88' lang='lat' dir='ltr'><em>oetas</em></span> <span class='ocrx_word' id='word_1_209' title='bbox 934 2219 1001 2258; x_wconf 89' lang='lat' dir='ltr'><em>eam</em></span> <span class='ocrx_word' id='word_1_210' title='bbox 1024 2200 1074 2259; x_wconf 88' lang='lat' dir='ltr'><em>ad·</em></span> 
     </span>
     <span class='ocr_line' id='line_1_24' title="bbox 58 2289 1074 2366; baseline -0.004 -15"><span class='ocrx_word' id='word_1_211' title='bbox 58 2291 304 2351; x_wconf 76' lang='lat' dir='ltr'><em>notatiunculam</em></span> <span class='ocrx_word' id='word_1_212' title='bbox 335 2307 398 2349; x_wconf 89' lang='grc'>5555</span> <span class='ocrx_word' id='word_1_213' title='bbox 427 2308 463 2348; x_wconf 83' lang='lat' dir='ltr'><em>ex</em></span> <span class='ocrx_word' id='word_1_214' title='bbox 493 2289 628 2366; x_wconf 80' lang='lat' dir='ltr'><em>margine</em></span> <span class='ocrx_word' id='word_1_215' title='bbox 660 2290 692 2347; x_wconf 91' lang='lat' dir='ltr'><em>iu</em></span> <span class='ocrx_word' id='word_1_216' title='bbox 724 2290 892 2348; x_wconf 89' lang='lat' dir='ltr'><em>orationem</em></span> <span class='ocrx_word' id='word_1_217' title='bbox 921 2291 1074 2365; x_wconf 86' lang='lat' dir='ltr'><em>receptam</em></span> 
     </span>
     <span class='ocr_line' id='line_1_25' title="bbox 58 2378 1075 2456; baseline -0.004 -14"><span class='ocrx_word' id='word_1_218' title='bbox 58 2379 224 2442; x_wconf 84' lang='lat' dir='ltr'><em>verisimile</em></span> <span class='ocrx_word' id='word_1_219' title='bbox 242 2381 327 2456; x_wconf 89' lang='lat' dir='ltr'><em>puto,</em></span> <span class='ocrx_word' id='word_1_220' title='bbox 346 2397 424 2454; x_wconf 89' lang='lat' dir='ltr'><em>quae</em></span> <span class='ocrx_word' id='word_1_221' title='bbox 442 2378 575 2456; x_wconf 84' lang='lat' dir='ltr'><em>genuina</em></span> <span class='ocrx_word' id='word_1_222' title='bbox 593 2379 685 2438; x_wconf 90' lang='lat' dir='ltr'><em>verba</em></span> <span class='ocrx_word' id='word_1_223' title='bbox 704 2378 867 2454; x_wconf 80' lang='lat' dir='ltr'><em>expulerit3</em></span> <span class='ocrx_word' id='word_1_224' title='bbox 892 2381 942 2456; x_wconf 94' lang='grc'>25,</span> <span class='ocrx_word' id='word_1_225' title='bbox 963 2380 981 2438; x_wconf 88' lang='grc'>5</span> <span class='ocrx_word' id='word_1_226' title='bbox 1000 2397 1075 2453; x_wconf 78' lang='lat' dir='ltr'><em>rupe</em></span> 
     </span>
     <span class='ocr_line' id='line_1_26' title="bbox 55 2468 1073 2545; baseline -0.001 -16"><span class='ocrx_word' id='word_1_227' title='bbox 55 2470 169 2537; x_wconf 81' lang='lat' dir='ltr'><em>ddecit,</em></span> <span class='ocrx_word' id='word_1_228' title='bbox 195 2472 221 2526; x_wconf 96' lang='grc'><em>51</em></span> <span class='ocrx_word' id='word_1_229' title='bbox 237 2472 271 2526; x_wconf 90' lang='lat' dir='ltr'><em>ut</em></span> <span class='ocrx_word' id='word_1_230' title='bbox 287 2485 367 2541; x_wconf 78' lang='lat' dir='ltr'><em>spem</em></span> <span class='ocrx_word' id='word_1_231' title='bbox 387 2468 516 2527; x_wconf 80' lang='lat' dir='ltr'><em>hostibus</em></span> <span class='ocrx_word' id='word_1_232' title='bbox 538 2469 669 2535; x_wconf 81' lang='lat' dir='ltr'><em>decuerat,</em></span> <span class='ocrx_word' id='word_1_233' title='bbox 693 2484 870 2540; x_wconf 78' lang='lat' dir='ltr'><em>quaruquaru</em></span> <span class='ocrx_word' id='word_1_234' title='bbox 891 2469 924 2526; x_wconf 86' lang='lat' dir='ltr'><em>iu</em></span> <span class='ocrx_word' id='word_1_235' title='bbox 946 2485 1073 2545; x_wconf 71' lang='lat' dir='ltr'><em>susurro,</em></span> 
     </span>
     <span class='ocr_line' id='line_1_27' title="bbox 58 2557 1072 2635; baseline -0.001 -17"><span class='ocrx_word' id='word_1_236' title='bbox 58 2560 111 2635; x_wconf 89' lang='grc'><em>28,</em></span> <span class='ocrx_word' id='word_1_237' title='bbox 127 2560 148 2617; x_wconf 82' lang='lat'><strong>3</strong></span> <span class='ocrx_word' id='word_1_238' title='bbox 168 2560 282 2616; x_wconf 71' lang='lat' dir='ltr'><em>tantm</em></span> <span class='ocrx_word' id='word_1_239' title='bbox 298 2557 460 2632; x_wconf 75' lang='grc'>1555515555,</span> <span class='ocrx_word' id='word_1_240' title='bbox 480 2558 564 2632; x_wconf 87' lang='grc'>36,1</span> <span class='ocrx_word' id='word_1_241' title='bbox 583 2561 680 2629; x_wconf 73' lang='lat' dir='ltr'><em>acutos</em></span> <span class='ocrx_word' id='word_1_242' title='bbox 694 2558 940 2633; x_wconf 72' lang='lat' dir='ltr'><em>opulentissimas,</em></span> <span class='ocrx_word' id='word_1_243' title='bbox 964 2559 1014 2631; x_wconf 86' lang='grc'><em>40,</em></span> <span class='ocrx_word' id='word_1_244' title='bbox 1033 2561 1072 2618; x_wconf 95' lang='grc'><em>12</em></span> 
     </span>
    </p>
   </div>
   <div class='ocr_carea' id='block_1_3' title="bbox 31 2760 1075 3690">
    <p class='ocr_par' dir='ltr' id='par_1_3' title="bbox 56 2760 1074 2888">
     <span class='ocr_line' id='line_1_28' title="bbox 56 2760 1074 2832; baseline 0.002 -18"><span class='ocrx_word' id='word_1_245' title='bbox 56 2761 107 2832; x_wconf 81' lang='lat' dir='ltr'><em>(N)</em></span> <span class='ocrx_word' id='word_1_246' title='bbox 131 2761 178 2816; x_wconf 88' lang='lat' dir='ltr'><em>vel</em></span> <span class='ocrx_word' id='word_1_247' title='bbox 197 2762 273 2831; x_wconf 83' lang='lat' dir='ltr'><em>plebi</em></span> <span class='ocrx_word' id='word_1_248' title='bbox 294 2763 377 2817; x_wconf 85' lang='grc'>551515</span> <span class='ocrx_word' id='word_1_249' title='bbox 400 2761 442 2831; x_wconf 86' lang='lat' dir='ltr'><em>(L)</em></span> <span class='ocrx_word' id='word_1_250' title='bbox 465 2762 560 2815; x_wconf 78' lang='lat' dir='ltr'><em>extare</em></span> <span class='ocrx_word' id='word_1_251' title='bbox 583 2760 714 2816; x_wconf 88' lang='lat' dir='ltr'><em>debebat.</em></span> <span class='ocrx_word' id='word_1_252' title='bbox 757 2764 788 2816; x_wconf 92' lang='lat' dir='ltr'><em>at</em></span> <span class='ocrx_word' id='word_1_253' title='bbox 810 2761 830 2816; x_wconf 83' lang='lat' dir='ltr'>C</span> <span class='ocrx_word' id='word_1_254' title='bbox 854 2763 920 2818; x_wconf 88' lang='lat' dir='ltr'><em>stolo</em></span> <span class='ocrx_word' id='word_1_255' title='bbox 945 2761 1074 2818; x_wconf 88' lang='lat' dir='ltr'><em>dativum</em></span> 
     </span>
     <span class='ocr_line' id='line_1_29' title="bbox 78 2832 187 2888; baseline -0.018 0"><span class='ocrx_word' id='word_1_256' title='bbox 78 2832 187 2888; x_wconf 84' lang='lat' dir='ltr'><em>utavitl</em></span> 
     </span>
    </p>

    <p class='ocr_par' dir='ltr' id='par_1_4' title="bbox 31 2852 1074 3402">
     <span class='ocr_line' id='line_1_30' title="bbox 56 2852 1074 2974; baseline 0.002 -19"><span class='ocrx_word' id='word_1_257' title='bbox 56 2852 78 2904; x_wconf 68' lang='lat' dir='ltr'><strong>p</strong></span> <span class='ocrx_word' id='word_1_258' title='bbox 135 2906 162 2974; x_wconf 90' lang='lat'><em>1)</em></span> <span class='ocrx_word' id='word_1_259' title='bbox 181 2903 285 2958; x_wconf 90' lang='lat' dir='ltr'><em>nollem</em></span> <span class='ocrx_word' id='word_1_260' title='bbox 306 2903 381 2958; x_wconf 82' lang='lat' dir='ltr'><em>inira</em></span> <span class='ocrx_word' id='word_1_261' title='bbox 403 2919 500 2957; x_wconf 86' lang='lat' dir='ltr'><em>vocem</em></span> <span class='ocrx_word' id='word_1_262' title='bbox 518 2904 597 2957; x_wconf 81' lang='lat' dir='ltr'><em>cllum</em></span> <span class='ocrx_word' id='word_1_263' title='bbox 615 2918 649 2956; x_wconf 83' lang='lat' dir='ltr'><em>ex</em></span> <span class='ocrx_word' id='word_1_264' title='bbox 668 2901 688 2956; x_wconf 85' lang='grc'>0</span> <span class='ocrx_word' id='word_1_265' title='bbox 706 2902 719 2955; x_wconf 91' lang='grc'><em>1</em></span> <span class='ocrx_word' id='word_1_266' title='bbox 737 2902 911 2974; x_wconf 84' lang='lat' dir='ltr'><em>recepissem,</em></span> <span class='ocrx_word' id='word_1_267' title='bbox 935 2921 1021 2973; x_wconf 88' lang='lat' dir='ltr'><em>quam</em></span> <span class='ocrx_word' id='word_1_268' title='bbox 1039 2921 1074 2959; x_wconf 83' lang='lat' dir='ltr'><em>ex</em></span> 
     </span>
     <span class='ocr_line' id='line_1_31' title="bbox 58 2972 1074 3045; baseline -0.002 -14"><span class='ocrx_word' id='word_1_269' title='bbox 58 2978 105 3031; x_wconf 76' lang='grc'>5111</span> <span class='ocrx_word' id='word_1_270' title='bbox 128 2977 198 3043; x_wconf 77' lang='lat' dir='ltr'><em>rau,</em></span> <span class='ocrx_word' id='word_1_271' title='bbox 226 2991 289 3029; x_wconf 89' lang='lat' dir='ltr'><em>eum</em></span> <span class='ocrx_word' id='word_1_272' title='bbox 310 2973 504 3045; x_wconf 87' lang='lat' dir='ltr'><em>praecedentis</em></span> <span class='ocrx_word' id='word_1_273' title='bbox 529 2972 661 3027; x_wconf 82' lang='lat' dir='ltr'><em>vocabuli</em></span> <span class='ocrx_word' id='word_1_274' title='bbox 684 2977 816 3029; x_wconf 80' lang='lat' dir='ltr'><em>exercitus</em></span> <span class='ocrx_word' id='word_1_275' title='bbox 839 2975 940 3029; x_wconf 90' lang='lat' dir='ltr'><em>ultima</em></span> <span class='ocrx_word' id='word_1_276' title='bbox 963 2975 1074 3044; x_wconf 79' lang='lat' dir='ltr'><em>syllaba</em></span> 
     </span>
     <span class='ocr_line' id='line_1_32' title="bbox 58 3044 925 3128; baseline -0.002 -27"><span class='ocrx_word' id='word_1_277' title='bbox 58 3046 183 3118; x_wconf 84' lang='lat' dir='ltr'><em>primam</em></span> <span class='ocrx_word' id='word_1_278' title='bbox 197 3048 298 3128; x_wconf 74' lang='lat' dir='ltr'><em>pusilli</em></span> <span class='ocrx_word' id='word_1_279' title='bbox 315 3046 465 3114; x_wconf 81' lang='lat' dir='ltr'><em>hausisset,</em></span> <span class='ocrx_word' id='word_1_280' title='bbox 484 3044 608 3099; x_wconf 87' lang='lat' dir='ltr'><em>effictam</em></span> <span class='ocrx_word' id='word_1_281' title='bbox 626 3061 687 3098; x_wconf 90' lang='lat' dir='ltr'><em>esse</em></span> <span class='ocrx_word' id='word_1_282' title='bbox 705 3044 857 3100; x_wconf 90' lang='lat' dir='ltr'><em>verisimile</em></span> <span class='ocrx_word' id='word_1_283' title='bbox 876 3049 925 3100; x_wconf 88' lang='lat' dir='ltr'><em>est.</em></span> 
     </span>
     <span class='ocr_line' id='line_1_33' title="bbox 31 3114 1073 3188; baseline -0.001 -18"><span class='ocrx_word' id='word_1_284' title='bbox 31 3128 34 3137; x_wconf 93' lang='grc'><strong><em>·</em></strong></span> <span class='ocrx_word' id='word_1_285' title='bbox 134 3119 162 3186; x_wconf 91' lang='grc'><em>2)</em></span> <span class='ocrx_word' id='word_1_286' title='bbox 181 3117 355 3188; x_wconf 78' lang='lat' dir='ltr'><em>ungulorum</em></span> <span class='ocrx_word' id='word_1_287' title='bbox 374 3117 485 3171; x_wconf 88' lang='lat' dir='ltr'><em>circiter</em></span> <span class='ocrx_word' id='word_1_288' title='bbox 501 3115 568 3170; x_wconf 87' lang='lat' dir='ltr'><em>libri</em></span> <span class='ocrx_word' id='word_1_289' title='bbox 581 3114 609 3168; x_wconf 87' lang='lat' dir='ltr'>N</span> <span class='ocrx_word' id='word_1_290' title='bbox 626 3132 758 3169; x_wconf 90' lang='lat' dir='ltr'><em>versuum</em></span> <span class='ocrx_word' id='word_1_291' title='bbox 776 3117 869 3186; x_wconf 89' lang='lat' dir='ltr'><em>spatia</em></span> <span class='ocrx_word' id='word_1_292' title='bbox 886 3118 938 3170; x_wconf 89' lang='lat' dir='ltr'><em>has</em></span> <span class='ocrx_word' id='word_1_293' title='bbox 956 3115 1073 3170; x_wconf 87' lang='lat' dir='ltr'><em>lacunas</em></span> 
     </span>
     <span class='ocr_line' id='line_1_34' title="bbox 60 3185 1074 3258; baseline -0.004 -14"><span class='ocrx_word' id='word_1_294' title='bbox 60 3205 200 3258; x_wconf 84' lang='lat' dir='ltr'><em>occupare</em></span> <span class='ocrx_word' id='word_1_295' title='bbox 223 3189 271 3243; x_wconf 83' lang='lat' dir='ltr'><em>vix</em></span> <span class='ocrx_word' id='word_1_296' title='bbox 293 3192 369 3243; x_wconf 86' lang='lat' dir='ltr'><em>recte</em></span> <span class='ocrx_word' id='word_1_297' title='bbox 392 3186 553 3243; x_wconf 85' lang='lat' dir='ltr'><em>observavit</em></span> <span class='ocrx_word' id='word_1_298' title='bbox 570 3185 685 3240; x_wconf 85' lang='lat' dir='ltr'><em>iahnius</em></span> <span class='ocrx_word' id='word_1_299' title='bbox 708 3206 734 3256; x_wconf 92' lang='lat' dir='ltr'><em>p.</em></span> <span class='ocrx_word' id='word_1_300' title='bbox 750 3187 877 3256; x_wconf 89' lang='lat' dir='ltr'><em>XIHIsq.</em></span> <span class='ocrx_word' id='word_1_301' title='bbox 896 3186 979 3242; x_wconf 90' lang='lat' dir='ltr'><em>nimis</em></span> <span class='ocrx_word' id='word_1_302' title='bbox 999 3187 1074 3240; x_wconf 89' lang='lat' dir='ltr'><em>euim</em></span> 
     </span>
     <span class='ocr_line' id='line_1_35' title="bbox 60 3257 1074 3331; baseline -0.004 -16"><span class='ocrx_word' id='word_1_303' title='bbox 60 3263 179 3331; x_wconf 88' lang='lat' dir='ltr'><em>propter</em></span> <span class='ocrx_word' id='word_1_304' title='bbox 210 3259 377 3330; x_wconf 84' lang='lat' dir='ltr'><em>compendia</em></span> <span class='ocrx_word' id='word_1_305' title='bbox 409 3262 438 3313; x_wconf 91' lang='lat' dir='ltr'><em>et</em></span> <span class='ocrx_word' id='word_1_306' title='bbox 471 3257 627 3328; x_wconf 82' lang='lat' dir='ltr'><em>scripturae</em></span> <span class='ocrx_word' id='word_1_307' title='bbox 654 3258 887 3327; x_wconf 88' lang='lat' dir='ltr'><em>inaequalitatem</em></span> <span class='ocrx_word' id='word_1_308' title='bbox 914 3257 1074 3311; x_wconf 89' lang='lat' dir='ltr'><em>litterarum</em></span> 
     </span>
     <span class='ocr_line' id='line_1_36' title="bbox 61 3330 882 3402; baseline -0.004 -17"><span class='ocrx_word' id='word_1_309' title='bbox 61 3330 184 3402; x_wconf 79' lang='lat' dir='ltr'><em>singulis</em></span> <span class='ocrx_word' id='word_1_310' title='bbox 203 3331 331 3386; x_wconf 87' lang='lat' dir='ltr'><em>versibus</em></span> <span class='ocrx_word' id='word_1_311' title='bbox 351 3330 614 3401; x_wconf 89' lang='lat' dir='ltr'><em>comprehensarum</em></span> <span class='ocrx_word' id='word_1_312' title='bbox 631 3346 763 3384; x_wconf 88' lang='lat' dir='ltr'><em>numerus</em></span> <span class='ocrx_word' id='word_1_313' title='bbox 782 3330 882 3384; x_wconf 88' lang='lat' dir='ltr'><em>variat.</em></span> 
     </span>
    </p>

    <p class='ocr_par' dir='ltr' id='par_1_5' title="bbox 61 3399 1075 3530">
     <span class='ocr_line' id='line_1_37' title="bbox 134 3399 1075 3472; baseline -0.002 -15"><span class='ocrx_word' id='word_1_314' title='bbox 134 3405 164 3472; x_wconf 90' lang='lat'><em>3)</em></span> <span class='ocrx_word' id='word_1_315' title='bbox 183 3402 265 3458; x_wconf 90' lang='lat' dir='ltr'><em>doleo</em></span> <span class='ocrx_word' id='word_1_316' title='bbox 283 3403 359 3471; x_wconf 90' lang='lat' dir='ltr'><em>quod</em></span> <span class='ocrx_word' id='word_1_317' title='bbox 377 3419 440 3456; x_wconf 90' lang='lat' dir='ltr'><em>meo</em></span> <span class='ocrx_word' id='word_1_318' title='bbox 459 3417 550 3456; x_wconf 88' lang='lat' dir='ltr'><em>errore</em></span> <span class='ocrx_word' id='word_1_319' title='bbox 569 3399 600 3454; x_wconf 92' lang='lat' dir='ltr'><em>in</em></span> <span class='ocrx_word' id='word_1_320' title='bbox 618 3400 802 3456; x_wconf 86' lang='lat' dir='ltr'><em>adnotatione</em></span> <span class='ocrx_word' id='word_1_321' title='bbox 819 3402 890 3454; x_wconf 85' lang='lat' dir='ltr'><em>haec</em></span> <span class='ocrx_word' id='word_1_322' title='bbox 903 3401 991 3454; x_wconf 87' lang='lat' dir='ltr'><em>verba</em></span> <span class='ocrx_word' id='word_1_323' title='bbox 1008 3399 1075 3455; x_wconf 81' lang='grc'><em>150</em></span> 
     </span>
     <span class='ocr_line' id='line_1_38' title="bbox 61 3474 482 3530; baseline 0 -2"><span class='ocrx_word' id='word_1_324' title='bbox 61 3475 162 3530; x_wconf 79' lang='lat' dir='ltr'><em>deesse</em></span> <span class='ocrx_word' id='word_1_325' title='bbox 181 3474 339 3528; x_wconf 86' lang='lat' dir='ltr'><em>indicatum</em></span> <span class='ocrx_word' id='word_1_326' title='bbox 356 3491 413 3528; x_wconf 90' lang='lat' dir='ltr'><em>non</em></span> <span class='ocrx_word' id='word_1_327' title='bbox 432 3475 482 3528; x_wconf 85' lang='lat' dir='ltr'><em>est.</em></span> 
     </span>
    </p>

    <p class='ocr_par' dir='ltr' id='par_1_6' title="bbox 133 3548 492 3616">
     <span class='ocr_line' id='line_1_39' title="bbox 133 3548 492 3616; baseline -0.006 -16"><span class='ocrx_word' id='word_1_328' title='bbox 133 3548 492 3616; x_wconf 52' lang='lat' dir='ltr'><em>uupmmnma</em></span> 
     </span>
    </p>

    <p class='ocr_par' dir='ltr' id='par_1_7' title="bbox 116 3643 873 3690">
     <span class='ocr_line' id='line_1_40' title="bbox 116 3643 873 3690; baseline -0.012 -2"><span class='ocrx_word' id='word_1_329' title='bbox 116 3646 201 3688; x_wconf 75' lang='lat' dir='ltr'><em>Florus</em></span> <span class='ocrx_word' id='word_1_330' title='bbox 215 3645 250 3686; x_wconf 76' lang='lat' dir='ltr'><em>ed</em></span> <span class='ocrx_word' id='word_1_331' title='bbox 264 3643 460 3686; x_wconf 73' lang='grc'>5115555551,</span> <span class='ocrx_word' id='word_1_332' title='bbox 855 3651 873 3690; x_wconf 69' lang='grc'><em>5,</em></span> 
     </span>
    </p>
   </div>
   <div class='ocr_carea' id='block_1_4' title="bbox 0 0 1180 3922">
    <p class='ocr_par' dir='ltr' id='par_1_8' title="bbox 0 0 1180 3922">
     <span class='ocr_line' id='line_1_41' title="bbox 0 0 1180 3922; baseline 0 0"><span class='ocrx_word' id='word_1_333' title='bbox 0 0 1180 3922; x_wconf 95' lang='lat' dir='ltr'><em> </em></span> 
     </span>
    </p>
   </div>
  </div>
 </body>
</html>
