2334 3922
485 109 512 178 Ι,
532 115 546 163 1
566 112 665 179 (5-7).
1044 112 1084 176 13

63 280 98 338 in
122 275 222 336 locum
247 278 327 355 regis
351 279 436 355 quasi
459 278 491 336 in
514 283 641 355 tempus,
665 294 789 353 regnum
813 276 880 336 dolo
903 284 1021 356 partum
1040 280 1084 338 sic

65 368 130 444 egit
154 365 302 426 industrie
326 372 360 425 ut
384 367 449 426 iure
472 364 597 444 adeptus
620 364 779 425 videretur.
817 364 854 424 ab
877 365 933 425 boc
957 366 1084 445 populus
1103 382 1119 429 3

65 455 220 514 Romanus
243 453 355 514 relatus
379 456 409 513 in
432 471 568 533 censum,
591 454 724 531 digestus
748 455 780 513 in
804 453 931 533 classes,
954 455 1084 515 decuriis

66 551 158 622 atque
191 542 313 622 collegis
345 541 536 623 distributus,
568 560 742 620 summaque
775 544 855 620 regis
885 542 1016 603 sollertia
1044 546 1084 604 ita

37 638 114 692 sest
138 631 274 692 ordinata
297 649 347 691 res
370 651 408 712 p,
430 638 464 691 ut
487 633 585 691 omnia
608 633 780 711 patrimonii
803 631 956 708 dignitatis
980 634 1083 692 aetatis

65 723 178 781 artium
216 720 440 798 officiorumque
478 719 651 780 discrimina
686 721 717 778 in
751 719 866 780 tabulas
900 720 1085 780 referrentur

66 827 99 869 ac
134 810 178 869 sic
211 811 338 869 maxima
370 811 473 869 civitas
503 810 644 868 minimae
673 808 778 868 domus
805 808 959 887 diligentia
990 811 1084 869 conti·

66 904 201 958 neretur.

135 984 308 1046 Postremus
323 985 378 1045 luit
392 988 524 1046 omnium
539 1003 644 1063 regum
653 986 842 1065 Tarquinius,
856 988 905 1046 cui
920 1003 1085 1064 cognomen
1100 985 1118 1047 7

28 1088 53 1125 ¹⁰
67 1074 205 1154 Superbo
229 1092 265 1135 ex
288 1073 422 1135 moribus
446 1075 556 1135 datum.
601 1075 651 1134 hic
674 1092 799 1152 regnum
823 1077 943 1156 avitum,
967 1074 1046 1153 quod
1069 1094 1085 1135 a
1104 1088 1119 1136 2

41 1158 173 1225 'servio
202 1163 372 1245 tenebatur,
399 1181 504 1242 rapere
532 1161 636 1223 maluit
664 1181 752 1241 quam
781 1170 952 1243 expectare,
981 1166 1084 1224 inmis-

68 1255 171 1331 sisque
204 1255 237 1312 in
269 1271 338 1313 eum
367 1251 596 1331 percussoribus
625 1251 737 1312 scelere
764 1260 880 1331 partam
906 1259 1085 1331 potestatem

68 1359 129 1402 non
156 1340 264 1402 melius
293 1342 354 1418 egit
377 1358 466 1418 quam
489 1340 697 1419 adquisiverat.
743 1358 798 1400 nec
822 1339 1000 1400 abhorrebat
1022 1355 1120 1402 mos

68 1429 153 1489 ribus
176 1447 253 1490 uxor
275 1429 384 1510 Tullia,
412 1447 488 1507 quae
511 1436 545 1490 ut
567 1431 664 1489 virum
687 1447 789 1507 regem
812 1428 966 1508 salutaret,
995 1447 1085 1508 supra

31 1528 55 1567 ¹⁵
67 1525 227 1578 cruentum
244 1524 361 1597 patrem
379 1525 462 1586 vecta
481 1525 622 1597 carpento
641 1524 846 1578 consternatos
866 1535 959 1595 equos
976 1520 1083 1596 exegit.

68 1614 113 1667 set
141 1609 207 1686 ipse
234 1608 267 1666 in
294 1613 430 1667 senatum
457 1605 612 1687 caedibus,
639 1609 670 1666 in
692 1606 811 1686 plebem
833 1606 1023 1687 verberibus,
1051 1609 1083 1666 in
1102 1602 1148 1670 4'

68 1698 166 1756 omnis
190 1694 343 1775 superbia,
367 1713 442 1773 quae
466 1694 640 1755 crudelitate
664 1682 780 1773 graiior
804 1703 849 1755 est
872 1694 973 1776 boniS,
1002 1714 1084 1774 gras·

68 1792 165 1864 satus,
196 1801 263 1843 cum
291 1785 445 1843 saevitiam
473 1783 554 1842 domi
580 1784 746 1864 fatigasset,
777 1784 898 1844 tandem
924 1786 956 1844 in
983 1785 1085 1845 hostes

68 1890 233 1934 conversus
255 1878 309 1933 est.
356 1874 400 1932 sic
423 1870 518 1932 valida
542 1872 650 1951 oppida
674 1872 756 1932 Latio
781 1879 865 1952 capta
888 1879 966 1952 sunt,
990 1872 1086 1932 Ardea
1105 1887 1120 1935 5

34 1960 239 2022 abeucolum
267 1959 341 2020 Gabi
369 1960 479 2021 Suessa
506 1960 647 2021 Pometia.
692 1968 756 2021 tum
789 1979 907 2040 quoque
941 1967 1084 2020 cruentus

68 2053 98 2110 in
122 2068 202 2110 suos.
243 2067 341 2127 neque
365 2051 445 2109 enim
469 2049 564 2109 lilium
584 2049 743 2110 verberare
763 2049 916 2129 dubitavit,
940 2055 974 2108 ut
993 2050 1121 2112 simu-s

67 2139 141 2200 lanti
164 2138 349 2217 transfugam
372 2144 443 2218 aput
465 2138 560 2198 bostis
583 2138 653 2198 binc
677 2138 750 2198 fides
775 2145 862 2199 esset.
904 2139 953 2197 cui
974 2136 1121 2217 Gabiis?

138 2342 809 2413 I1inom.0ss2industriaLllssclasesBL
824 2347 828 2410 1
845 2342 1085 2411 curiisLll4ad-

66 2432 121 2484 que
141 2415 170 2469 Β
187 2417 191 2484 Ι
208 2413 336 2496 collegiis
354 2414 383 2469 A
398 2418 403 2484 l
420 2414 536 2469 solertia
554 2414 588 2468 N
606 2418 616 2482 ΙΙ
639 2422 654 2468 o
673 2413 846 2483 patrimonia
868 2416 901 2469 ia
923 2413 1088 2484 patrimonii

67 2494 133 2542 mat.
150 2487 178 2540 Β
195 2488 199 2554 Ι
216 2484 341 2555 dignitas
355 2487 383 2540 Β
396 2489 436 2554 lb
455 2484 663 2554 offitiorumque
682 2487 830 2556 (posterior
848 2502 864 2540 o
879 2504 913 2540 m.
928 2488 987 2542 ead.
1006 2504 1040 2541 aa
1060 2490 1087 2554 ri)

67 2559 94 2612 L
114 2562 118 2623 l
139 2556 312 2610 referrentur
330 2559 423 2626 (prior
440 2575 454 2610 r
472 2574 559 2626 supra
576 2574 683 2613 oeream
701 2574 735 2611 m.
756 2558 783 2626 1)
802 2557 836 2611 N
855 2559 863 2625 ΙΙ
888 2562 903 2610 7
923 2573 956 2611 ao
980 2556 1012 2628 si{
1033 2560 1061 2613 Β
1079 2572 1082 2629 l

67 2635 83 2683 9
102 2627 231 2683 omnium
253 2626 309 2681 fnit
331 2643 430 2697 regum
450 2627 475 2684 0
494 2627 620 2683 omnium
643 2645 741 2698 regum
760 2627 815 2681 fuit
838 2629 911 2684 Voss.
930 2632 933 2698 Ι
951 2645 1014 2682 cum
1032 2630 1060 2683 Β
1080 2644 1082 2649 ·

68 2706 102 2754 10
120 2699 242 2752 datoum
264 2700 291 2767 (o
313 2702 451 2768 ecpurrcit
472 2717 506 2754 m.
532 2702 601 2769 ead.)
620 2700 647 2753 L
664 2702 668 2768 Ι
684 2715 784 2753 aseruo
803 2699 830 2753 L
852 2702 861 2767 11
886 2707 916 2753 11
938 2698 1088 2769 missisque

68 2770 109 2838 A,
127 2775 160 2825 at
177 2787 202 2826 v.
220 2770 243 2823 1
256 2774 302 2837 31,
320 2776 371 2839 18,
389 2775 435 2839 36,
455 2775 488 2840 7,·
505 2776 539 2839 8,·
561 2772 602 2825 II
615 2775 660 2838 32,
675 2775 711 2825 45
733 2771 743 2839 ΙΙ
767 2775 799 2823 12
821 2770 924 2824 scelere
944 2773 983 2840 (re
1002 2788 1089 2840 sopra

68 2857 176 2898 oersma
193 2857 229 2895 m.
247 2841 318 2910 ead.)
336 2842 364 2894 Β
386 2841 396 2910 ll
420 2848 453 2896 13
473 2840 653 2910 adquesierat
671 2842 704 2894 N
725 2840 900 2909 adquisierat
918 2843 951 2895 N
956 2841 1001 2894 ’L
1022 2844 1032 2907 ΙΙ
1055 2846 1087 2894 15

68 2912 129 2982 egit·
141 2910 171 2979 0,
185 2917 217 2966 at
228 2929 253 2967 a.
267 2912 308 2965 H
318 2916 361 2981 13,
376 2915 435 2982 6811
451 2918 484 2967 16
499 2912 548 2966 sad
558 2913 615 2967 NI
625 2912 680 2967 Sed
690 2912 717 2965 L
733 2916 736 2981 Ι
752 2911 782 2965 in
796 2911 909 2980 plebem
923 2910 1088 2965 uerberibus

69 3001 118 3039 om.
136 2982 180 3050 01
198 2989 229 3036 17
249 2982 340 3037 omnis
359 2982 380 3054 (i
398 3001 431 3038 ec
450 3000 465 3038 s
484 3002 517 3038 m.
535 2985 605 3052 ead.)
619 2985 646 3038 B
666 2999 762 3037 omnes
777 2983 804 3037 L
819 2988 823 3047 Ι
841 2981 974 3053 superbia
985 3011 990 3023 ·
1002 2982 1089 3049 atque

69 3053 240 3108 crudelitate
250 3054 284 3108 N
296 3057 300 3125 Ι
316 3055 405 3109 bonos
416 3055 443 3108 L
455 3055 465 3123 11
480 3060 513 3109 18
527 3071 591 3109 cum
605 3057 637 3108 r'rc
651 3071 718 3122 qum
732 3061 797 3110 mat.
809 3055 837 3108 Β
853 3054 857 3126 Ι
875 3053 958 3107 seuiti
971 3051 1030 3105 iam
1040 3053 1074 3105 N
1082 3104 1084 3109 ,

69 3127 145 3180 ostes
163 3126 186 3179 I
204 3129 214 3192 l
238 3131 270 3180 19
290 3141 307 3179 o
327 3125 396 3195 pida
418 3125 489 3180 latio
508 3126 536 3178 Β
555 3125 661 3194 oppida
675 3155 680 3166 ·
696 3124 842 3180 inlatio.0
857 3123 927 3179 latio
947 3122 1054 3192 oppida
1071 3123 1093 3176 I

70 3195 177 3266 oppida
191 3194 268 3250 Latii
313 3199 436 3267 aaptirs,
454 3204 484 3251 at
499 3214 523 3252 c.
541 3197 655 3252 Orosius
669 3197 708 3250 ΙΙ
718 3201 745 3264 4,
760 3198 869 3266 121120
888 3193 1040 3248 ocricolum
1053 3195 1086 3248 Γ

69 3266 139 3339 gani
170 3269 229 3322 cod,
260 3267 503 3323 Olrelterbamertsis
535 3268 667 3322 Iordanis
700 3269 710 3336 (
731 3266 790 3321 auii
821 3268 912 3335 ceteri)
940 3264 1034 3334 grauii
1061 3266 1089 3319 Β

69 3336 150 3408 gabii
168 3339 203 3392 N
217 3337 336 3408 gabinm
354 3339 380 3393 L
397 3340 401 3406 Ι
417 3354 502 3392 sessa.
523 3339 551 3392 Β
564 3341 573 3407 ΙΙ
588 3345 620 3392 21
641 3286 802 3392 simudantis
816 3339 838 3391 I
847 3339 856 3406 ΙΙ
870 3342 903 3390 22
923 3335 1000 3405 apud
1018 3337 1072 3391 LI
1084 3338 1087 3405 Ι

70 3409 251 3534 baptesLLI
270 3412 275 3480 Ι
300 3409 357 3480 cui]
386 3425 441 3478 quo
470 3409 511 3478 A,
538 3427 577 3464 aa
604 3408 691 3478 quoi?
716 3413 721 3479 Ι
745 3407 845 3479 gabios
868 3409 902 3462 N
926 3407 1037 3478 agauiis
1062 3409 1088 3462 A

72 3497 110 3550 ga
131 3497 153 3533 11
