2370 3908
127 176 244 230 XXXVI
438 180 638 231 PRAEFATIO
657 177 827 233 EDITORIS

127 347 254 405 aetionis
272 337 323 427 (O)
347 349 377 404 et
395 344 620 405 Κασουελλανόν
645 347 692 406 vel
711 345 907 407 Κασόλαυνον
925 347 1139 408 historicorum

129 434 312 493 Graecorum
336 432 546 493 Casuellanum
567 435 789 494 restituendum
811 436 945 515 videtur,
972 437 1032 496 nisi
1062 438 1140 498 forte

128 523 218 582 Floro
245 524 342 582 forma
371 522 538 583 &oscellum
568 524 692 601 placuit.
743 524 871 601 denique
898 546 927 602 p.
955 528 1034 602 172,
1058 529 1079 585 4
1109 527 1141 585 id

129 612 209 688 quod
236 612 369 688 proxime
401 612 438 671 ad
466 611 520 672 ΒΟ
548 613 663 672 accedit
690 611 847 672 Cornidius
875 614 1013 690 quamvis
1039 615 1140 675 titulis

128 719 189 759 non
211 701 419 760 confirmatum
442 720 552 778 ponere
571 702 667 760 malui
687 722 778 778 quam
798 701 954 771 Calidius
979 703 1140 775 Comidius,

130 789 294 848 Considius.

195 879 386 938 Recensionis
410 879 504 955 igitur
527 879 549 937 O
573 883 727 939 auctorem
751 898 819 938 cum
842 880 1021 940 eruditionis
1044 883 1139 959 copiis

128 969 321 1043 pauperculis
344 969 383 1026 ad
406 968 623 1044 corrumpenda
645 969 767 1026 nomina
787 969 909 1045 propria
927 969 1057 1028 abusum
1076 963 1141 1031 esse
1181 1036 1183 1041 ,

128 1056 188 1113 iam
213 1059 342 1132 constet,
370 1076 456 1116 nemo
484 1057 645 1115 mirabitur
671 1057 697 1115 si
726 1057 817 1116 ctiam
842 1057 910 1116 aliis
932 1058 964 1116 in
986 1060 1079 1119 rebus
1102 1062 1142 1120 si·

127 1144 241 1203 militer
262 1149 436 1222 peccantem
460 1145 750 1222 deprehenderimus.
787 1145 870 1205 haud
891 1165 959 1206 raro
983 1148 1064 1206 enim
1087 1150 1141 1208 ubi
1179 1204 1183 1215 ,

13 1245 39 1284 sn
50 1257 74 1286 er
92 1257 114 1285 ο-
128 1233 156 1290 A
171 1236 332 1311 argenteae
351 1234 512 1294 latinitatis
531 1234 778 1294 consuetudinem
796 1235 941 1311 sequitur,
961 1234 1142 1298 anerba
1181 1256 1183 1299 :

52 1311 77 1340 ⁰¹
129 1323 172 1381 ad
187 1323 299 1382 Donati
318 1324 483 1383 aliorumve
500 1324 819 1401 grammaticorum
832 1325 933 1402 legas
947 1325 1141 1386 immutata

128 1415 211 1487 sunt,
239 1413 325 1473 velut
346 1433 375 1488 p.
396 1415 431 1490 5,
453 1417 491 1472 17
515 1431 608 1471 uuum
631 1415 700 1472 ante
722 1413 865 1472 hominm
887 1413 1053 1473 articulum
1076 1433 1139 1474 esse

129 1501 270 1577 opinatus
288 1502 368 1560 male
387 1493 537 1581 abiecit1).
565 1501 673 1560 deindo
692 1520 784 1578 snpra
806 1501 938 1562 vidimus
962 1503 991 1561 ei
1012 1503 1139 1581 inscrip·
1180 1494 1183 1499 ’

128 1590 241 1649 tionem
272 1591 376 1649 bellam
403 1592 559 1649 oceasum
585 1592 676 1649 socios
700 1582 918 1671 (p.122,11)
941 1592 1140 1670 displicuisse,
1179 1614 1182 1619 ·

128 1678 208 1736 unde
231 1680 388 1738 enuntiato
411 1680 539 1740 relativo
568 1679 691 1738 inducto
719 1681 750 1738 et
772 1680 884 1738 rariore
907 1681 1140 1756 praepositionis
1180 1690 1183 1707 ¹

127 1768 225 1825 forma
249 1767 424 1827 oblitterata
447 1767 556 1827 effecit:
589 1769 694 1827 balleum
715 1769 792 1841 quod
814 1770 957 1828 aduersus
978 1773 1139 1845 55515595-
1180 1838 1183 1843 ,

128 1860 205 1914 stum
237 1861 284 1915 cst.
332 1859 361 1930 5,
388 1858 406 1916 6
439 1857 563 1933 ignarus
595 1875 668 1915 usus
700 1857 884 1932 pronominis
916 1859 965 1917 illc
992 1859 1046 1935 qui
1072 1863 1142 1936 post

129 1945 273 2004 Senecam
304 1944 401 2004 filium
433 1945 486 2004 diu
519 1945 651 2004 obtinuit
684 1948 745 2004 51555
776 1965 831 2023 pro
863 1947 945 2006 iltius
976 1948 1080 2022 posuit
1109 1951 1141 2008 et
1180 2018 1183 2025 ,

131 2035 158 2107 7,
187 2037 227 2094 13
261 2035 425 2095 severiores
457 2036 671 2112 grammaticae
703 2035 786 2111 leges
819 2038 940 2094 secutus
967 2039 1055 2109 pre'or
1084 2057 1139 2114 pro

123 2125 221 2198 priua,
245 2143 314 2183 cum
337 2123 375 2182 ad
392 2124 521 2182 Remum
542 2123 732 2183 referendum
755 2124 803 2182 sit.
843 2127 892 2201 13,
913 2127 953 2184 19
973 2129 1005 2183 et
1025 2128 1099 2204 129,
1119 2128 1137 2186 8

128 2214 157 2270 A
184 2217 216 2272 et
244 2213 285 2290 Β,
313 2231 382 2271 cnm
410 2213 517 2271 Florus
548 2215 653 2289 poetas
681 2214 802 2272 secutus
828 2213 944 2272 nudum
972 2213 1141 2275 ablativum

128 2301 187 2360 loci
209 2302 291 2361 haud
314 2321 382 2361 raro
405 2305 511 2378 ponat,
539 2301 627 2360 Lutto
651 2304 682 2360 ct
710 2303 898 2375 rapidissimo
921 2303 994 2375 freto
1017 2303 1138 2382 habent,

129 2390 239 2466 quibus
259 2389 281 2449 C
300 2390 553 2467 praepositionem
570 2392 603 2449 15
620 2390 802 2467 praeposuit
833 2393 861 2467 5,
879 2394 913 2468 7,
939 2394 993 2468 15,
1014 2395 1140 2470 29,16,

129 2480 182 2555 48,
204 2481 257 2555 16,
283 2481 431 2556 128,17,
457 2481 528 2556 132,
550 2483 582 2556 7,
608 2481 750 2557 143,14,
772 2479 845 2538 alibi
863 2480 991 2540 rariores
1009 2483 1060 2541 vel
1078 2481 1140 2541 illis

128 2567 203 2626 locis
226 2567 400 2643 aptissimae
426 2568 540 2626 formae
564 2569 897 2638 commodatarum,
926 2560 1036 2651 casm)
1060 2571 1140 2631 detra·

130 2699 240 2753 codices
258 2702 380 2782 thpopepi
392 2699 511 2782 nabent.
546 2700 620 2784 redit
637 2703 734 2755 tamen
747 2719 849 2783 nomen
863 2702 888 2756 V
903 2709 927 2772 1,
942 2707 967 2771 5,
986 2702 1037 2757 ubi
1054 2705 1142 2762 rheto-

128 2771 908 2924 98Μῆῗεὲ5ΐῌῖξῗὲ1ζέωτξὲῗξθὲῗῦἓθᾞέ5ξαξοάοθῆοο
927 2844 1140 2902 multitudinem

129 2913 274 2967 hominum
292 2913 342 2967 uni
360 2913 467 2968 homini
486 2930 597 2983 oppom.
626 2917 657 2968 at
676 2915 744 2983 qurd
763 2915 841 2969 aliud
860 2920 903 2970 est
917 2915 1038 2986 populus
1053 2935 1140 2987 quam

129 2987 275 3040 multitado
292 2984 452 3040 5555155552
469 2983 555 3055 paulo
574 3002 659 3055 supra
677 2985 765 3055 igitur
782 2986 880 3040 Florus
898 2990 1002 3043 auius
1017 2992 1142 3060 populi

129 3055 250 3110 Romani
268 3056 350 3110 rebus
369 3056 457 3126 gestis
476 3055 585 3125 generis
604 3056 720 3111 humani
738 3057 815 3112 facta
834 3058 971 3112 contineri
990 3059 1075 3130 dixit,
1093 3060 1141 3115 hic

130 3128 250 3182 cundem
264 3145 328 3181 cnm
340 3146 405 3183 arro
423 3130 551 3183 domiue
570 3130 721 3197 comparat.
736 3161 772 3168 -
786 3131 909 3183 ceterum
923 3129 1014 3185 altera
1027 3149 1140 3201 quoque

129 3198 265 3254 historiae
288 3197 432 3268 Apollonii
456 3198 531 3269 regis
550 3198 617 3268 Tyri
640 3199 763 3253 recensio
788 3199 823 3253 ab
848 3201 938 3256 altera
961 3218 995 3256 ea
1018 3203 1141 3258 maxime

129 3286 160 3323 re
179 3270 273 3325 differt
290 3270 366 3339 quod
388 3269 471 3323 huius
490 3287 579 3340 genus
603 3269 715 3324 dicendi
734 3270 850 3341 vulgare
868 3272 899 3327 in
916 3272 968 3327 illa
986 3274 1023 3328 ad
1047 3292 1141 3344 gram-

129 3341 251 3396 maticae
269 3341 346 3411 leges
366 3344 521 3395 correctum
540 3343 589 3395 est.

202 3416 228 3480 2)
246 3412 320 3466 hanc
334 3412 453 3466 formam
466 3412 542 3493 apud
556 3415 707 3481 argenteae
720 3411 871 3467 latinitatis
886 3414 1035 3484 scriptores
1050 3416 1143 3472 altera

122 3481 346 3548 frequentiorem
370 3499 431 3538 esse
454 3485 547 3536 sciunt
573 3482 622 3552 qui
646 3483 813 3539 Scuecarum
835 3485 942 3540 Lucani
969 3485 1142 3544 Columellas

109 3548 235 3606 aliorum
254 3554 348 3610 libros
366 3555 510 3627 legerunt.
