<?xml version="1.0" encoding="UTF-8"?>
<!DOCTYPE html PUBLIC "-//W3C//DTD XHTML 1.0 Transitional//EN"
    "http://www.w3.org/TR/xhtml1/DTD/xhtml1-transitional.dtd">
<html xmlns="http://www.w3.org/1999/xhtml" xml:lang="en" lang="en">
 <head>
  <title>
</title>
<meta http-equiv="Content-Type" content="text/html;charset=utf-8" />
  <meta name='ocr-system' content='tesseract 3.04.00' />
  <meta name='ocr-capabilities' content='ocr_page ocr_carea ocr_par ocr_line ocrx_word'/>
</head>
<body>
  <div class='ocr_page' id='page_1' title='image "./lannaeifloriepi04florgoog_0197.png"; bbox 0 0 2334 3922; ppageno 0'>
   <div class='ocr_carea' id='block_1_1' title="bbox 119 181 770 244">
    <p class='ocr_par' dir='ltr' id='par_1_1' title="bbox 119 181 770 244">
     <span class='ocr_line' id='line_1_1' title="bbox 119 181 770 244; baseline -0.018 0"><span class='ocrx_word' id='word_1_1' title='bbox 119 181 184 244; x_wconf 82' lang='lat'><strong>124</strong></span> <span class='ocrx_word' id='word_1_2' title='bbox 482 181 592 233; x_wconf 77' lang='lat' dir='ltr'><strong>raoni</strong></span> <span class='ocrx_word' id='word_1_3' title='bbox 609 181 770 232; x_wconf 78' lang='lat' dir='ltr'><strong>armona</strong></span> 
     </span>
    </p>
   </div>
   <div class='ocr_carea' id='block_1_2' title="bbox 67 343 1165 1405">
    <p class='ocr_par' dir='ltr' id='par_1_2' title="bbox 67 343 1165 1405">
     <span class='ocr_line' id='line_1_2' title="bbox 119 343 1131 427; baseline -0.005 -20"><span class='ocrx_word' id='word_1_4' title='bbox 119 349 214 407; x_wconf 91' lang='lat' dir='ltr'><strong>statio.</strong></span> <span class='ocrx_word' id='word_1_5' title='bbox 262 365 331 407; x_wconf 89' lang='lat' dir='ltr'><strong>ecce</strong></span> <span class='ocrx_word' id='word_1_6' title='bbox 355 346 539 427; x_wconf 76' lang='lat' dir='ltr'><strong>Ocriculum,</strong></span> <span class='ocrx_word' id='word_1_7' title='bbox 564 364 634 406; x_wconf 90' lang='lat' dir='ltr'><strong>eece</strong></span> <span class='ocrx_word' id='word_1_8' title='bbox 658 345 863 426; x_wconf 82' lang='lat' dir='ltr'><strong>Grumentum,</strong></span> <span class='ocrx_word' id='word_1_9' title='bbox 887 363 956 404; x_wconf 88' lang='lat' dir='ltr'><strong>ecce</strong></span> <span class='ocrx_word' id='word_1_10' title='bbox 979 343 1131 424; x_wconf 76' lang='lat' dir='ltr'><strong>Faesulae,</strong></span> 
     </span>
     <span class='ocr_line' id='line_1_3' title="bbox 119 433 1131 517; baseline -0.005 -21"><span class='ocrx_word' id='word_1_11' title='bbox 119 455 187 496; x_wconf 88' lang='lat' dir='ltr'><strong>ecce</strong></span> <span class='ocrx_word' id='word_1_12' title='bbox 207 435 339 496; x_wconf 81' lang='lat' dir='ltr'><strong>Carseoli</strong></span> <span class='ocrx_word' id='word_1_13' title='bbox 357 438 508 517; x_wconf 80' lang='lat' dir='ltr'><strong>Aesernia,</strong></span> <span class='ocrx_word' id='word_1_14' title='bbox 531 435 659 495; x_wconf 83' lang='lat' dir='ltr'><strong>Nuceria</strong></span> <span class='ocrx_word' id='word_1_15' title='bbox 677 434 810 495; x_wconf 82' lang='lat' dir='ltr'><strong>Picentia</strong></span> <span class='ocrx_word' id='word_1_16' title='bbox 834 433 975 494; x_wconf 89' lang='lat' dir='ltr'><strong>caedibus</strong></span> <span class='ocrx_word' id='word_1_17' title='bbox 998 433 1080 492; x_wconf 83' lang='lat' dir='ltr'><strong>ferro</strong></span> <span class='ocrx_word' id='word_1_18' title='bbox 1103 440 1131 492; x_wconf 90' lang='lat' dir='ltr'><strong>et</strong></span> 
     </span>
     <span class='ocr_line' id='line_1_4' title="bbox 67 522 1131 604; baseline -0.006 -18"><span class='ocrx_word' id='word_1_19' title='bbox 67 538 98 586; x_wconf 80' lang='lat'><strong>12</strong></span> <span class='ocrx_word' id='word_1_20' title='bbox 118 527 186 603; x_wconf 79' lang='lat' dir='ltr'><strong>igne</strong></span> <span class='ocrx_word' id='word_1_21' title='bbox 211 532 370 585; x_wconf 89' lang='lat' dir='ltr'><strong>vastantur.</strong></span> <span class='ocrx_word' id='word_1_22' title='bbox 408 526 491 585; x_wconf 85' lang='lat' dir='ltr'><strong>susae</strong></span> <span class='ocrx_word' id='word_1_23' title='bbox 510 524 602 584; x_wconf 90' lang='lat' dir='ltr'><strong>Rutili</strong></span> <span class='ocrx_word' id='word_1_24' title='bbox 621 527 732 604; x_wconf 90' lang='lat' dir='ltr'><strong>copiae,</strong></span> <span class='ocrx_word' id='word_1_25' title='bbox 755 524 839 584; x_wconf 85' lang='lat' dir='ltr'><strong>fusae</strong></span> <span class='ocrx_word' id='word_1_26' title='bbox 858 522 1024 601; x_wconf 82' lang='lat' dir='ltr'><strong>Caepionis.</strong></span> <span class='ocrx_word' id='word_1_27' title='bbox 1062 540 1131 581; x_wconf 92' lang='lat' dir='ltr'><strong>nam</strong></span> 
     </span>
     <span class='ocr_line' id='line_1_5' title="bbox 118 611 1131 692; baseline -0.004 -18"><span class='ocrx_word' id='word_1_28' title='bbox 118 616 182 692; x_wconf 91' lang='lat' dir='ltr'><strong>ipse</strong></span> <span class='ocrx_word' id='word_1_29' title='bbox 206 613 299 674; x_wconf 93' lang='lat' dir='ltr'><strong>lulius</strong></span> <span class='ocrx_word' id='word_1_30' title='bbox 319 613 427 675; x_wconf 87' lang='lat' dir='ltr'><strong>Caesar</strong></span> <span class='ocrx_word' id='word_1_31' title='bbox 446 615 579 674; x_wconf 81' lang='lat' dir='ltr'><strong>exercitu</strong></span> <span class='ocrx_word' id='word_1_32' title='bbox 597 615 706 673; x_wconf 92' lang='lat' dir='ltr'><strong>amisso</strong></span> <span class='ocrx_word' id='word_1_33' title='bbox 726 631 794 674; x_wconf 90' lang='lat' dir='ltr'><strong>cum</strong></span> <span class='ocrx_word' id='word_1_34' title='bbox 812 615 844 673; x_wconf 93' lang='lat' dir='ltr'><strong>in</strong></span> <span class='ocrx_word' id='word_1_35' title='bbox 862 611 968 672; x_wconf 94' lang='lat' dir='ltr'><strong>urbem</strong></span> <span class='ocrx_word' id='word_1_36' title='bbox 988 618 1131 671; x_wconf 91' lang='lat' dir='ltr'><strong>cruentus</strong></span> 
     </span>
     <span class='ocr_line' id='line_1_6' title="bbox 118 700 1165 783; baseline -0.005 -20"><span class='ocrx_word' id='word_1_37' title='bbox 118 703 282 763; x_wconf 87' lang='lat' dir='ltr'><strong>referretur</strong></span> <span class='ocrx_word' id='word_1_38' title='bbox 305 702 469 763; x_wconf 84' lang='lat' dir='ltr'><strong>miserabili</strong></span> <span class='ocrx_word' id='word_1_39' title='bbox 492 703 605 783; x_wconf 81' lang='lat' dir='ltr'><strong>binare,</strong></span> <span class='ocrx_word' id='word_1_40' title='bbox 627 702 724 762; x_wconf 88' lang='lat' dir='ltr'><strong>media</strong></span> <span class='ocrx_word' id='word_1_41' title='bbox 748 702 822 762; x_wconf 91' lang='lat' dir='ltr'><strong>urbe</strong></span> <span class='ocrx_word' id='word_1_42' title='bbox 841 703 992 780; x_wconf 89' lang='lat' dir='ltr'><strong>perviam</strong></span> <span class='ocrx_word' id='word_1_43' title='bbox 1012 700 1129 760; x_wconf 87' lang='lat' dir='ltr'><strong>defecit.</strong></span> <span class='ocrx_word' id='word_1_44' title='bbox 1154 716 1165 756; x_wconf 76' lang='lat' dir='ltr'><strong>a</strong></span> 
     </span>
     <span class='ocr_line' id='line_1_7' title="bbox 67 789 1132 871; baseline -0.004 -19"><span class='ocrx_word' id='word_1_45' title='bbox 67 804 98 852; x_wconf 84' lang='lat'><strong>13</strong></span> <span class='ocrx_word' id='word_1_46' title='bbox 119 792 171 852; x_wconf 90' lang='lat' dir='ltr'><strong>sed</strong></span> <span class='ocrx_word' id='word_1_47' title='bbox 200 810 305 870; x_wconf 85' lang='lat' dir='ltr'><strong>magna</strong></span> <span class='ocrx_word' id='word_1_48' title='bbox 332 792 434 871; x_wconf 91' lang='lat' dir='ltr'><strong>populi</strong></span> <span class='ocrx_word' id='word_1_49' title='bbox 461 791 493 850; x_wconf 84' lang='lat' dir='ltr'><strong>R.</strong></span> <span class='ocrx_word' id='word_1_50' title='bbox 518 792 635 851; x_wconf 84' lang='lat' dir='ltr'><strong>fortuna</strong></span> <span class='ocrx_word' id='word_1_51' title='bbox 665 799 694 851; x_wconf 90' lang='lat' dir='ltr'><strong>et</strong></span> <span class='ocrx_word' id='word_1_52' title='bbox 722 809 841 870; x_wconf 89' lang='lat' dir='ltr'><strong>semper</strong></span> <span class='ocrx_word' id='word_1_53' title='bbox 869 793 900 849; x_wconf 92' lang='lat' dir='ltr'><strong>in</strong></span> <span class='ocrx_word' id='word_1_54' title='bbox 928 789 1015 849; x_wconf 86' lang='lat' dir='ltr'><strong>malis</strong></span> <span class='ocrx_word' id='word_1_55' title='bbox 1037 792 1132 849; x_wconf 90' lang='lat' dir='ltr'><strong>maior</strong></span> 
     </span>
     <span class='ocr_line' id='line_1_8' title="bbox 118 877 1132 961; baseline -0.003 -21"><span class='ocrx_word' id='word_1_56' title='bbox 118 882 189 941; x_wconf 92' lang='lat' dir='ltr'><strong>totis</strong></span> <span class='ocrx_word' id='word_1_57' title='bbox 217 881 313 940; x_wconf 88' lang='lat' dir='ltr'><strong>denuo</strong></span> <span class='ocrx_word' id='word_1_58' title='bbox 337 881 451 941; x_wconf 88' lang='lat' dir='ltr'><strong>viribus</strong></span> <span class='ocrx_word' id='word_1_59' title='bbox 474 881 674 961; x_wconf 82' lang='lat' dir='ltr'><strong>consurrexit3</strong></span> <span class='ocrx_word' id='word_1_60' title='bbox 705 880 898 959; x_wconf 83' lang='lat' dir='ltr'><strong>adgressique</strong></span> <span class='ocrx_word' id='word_1_61' title='bbox 923 877 1057 957; x_wconf 81' lang='lat' dir='ltr'><strong>singulos</strong></span> <span class='ocrx_word' id='word_1_62' title='bbox 1081 897 1132 957; x_wconf 92' lang='lat' dir='ltr'><strong>po-</strong></span> 
     </span>
     <span class='ocr_line' id='line_1_9' title="bbox 119 966 1132 1048; baseline -0.003 -19"><span class='ocrx_word' id='word_1_63' title='bbox 119 969 205 1048; x_wconf 93' lang='lat' dir='ltr'><strong>pulos</strong></span> <span class='ocrx_word' id='word_1_64' title='bbox 243 969 313 1031; x_wconf 87' lang='lat' dir='ltr'><strong>Cato</strong></span> <span class='ocrx_word' id='word_1_65' title='bbox 351 970 472 1029; x_wconf 92' lang='lat' dir='ltr'><strong>discutit</strong></span> <span class='ocrx_word' id='word_1_66' title='bbox 503 969 660 1048; x_wconf 90' lang='lat' dir='ltr'><strong>Etruscos,</strong></span> <span class='ocrx_word' id='word_1_67' title='bbox 697 968 840 1030; x_wconf 87' lang='lat' dir='ltr'><strong>Gabinius</strong></span> <span class='ocrx_word' id='word_1_68' title='bbox 872 968 999 1047; x_wconf 93' lang='lat' dir='ltr'><strong>Marsos,</strong></span> <span class='ocrx_word' id='word_1_69' title='bbox 1037 966 1132 1027; x_wconf 85' lang='lat' dir='ltr'><strong>Carbo</strong></span> 
     </span>
     <span class='ocr_line' id='line_1_10' title="bbox 67 1057 1133 1139; baseline -0.003 -21"><span class='ocrx_word' id='word_1_70' title='bbox 67 1071 100 1118; x_wconf 84' lang='grc'><strong>14</strong></span> <span class='ocrx_word' id='word_1_71' title='bbox 118 1058 268 1139; x_wconf 89' lang='lat' dir='ltr'><strong>Lucanos,</strong></span> <span class='ocrx_word' id='word_1_72' title='bbox 300 1058 379 1137; x_wconf 80' lang='lat' dir='ltr'><strong>Sylla</strong></span> <span class='ocrx_word' id='word_1_73' title='bbox 412 1058 573 1138; x_wconf 89' lang='lat' dir='ltr'><strong>Samnites,</strong></span> <span class='ocrx_word' id='word_1_74' title='bbox 606 1057 711 1118; x_wconf 88' lang='lat' dir='ltr'><strong>Strabo</strong></span> <span class='ocrx_word' id='word_1_75' title='bbox 744 1077 814 1118; x_wconf 87' lang='lat' dir='ltr'><strong>vero</strong></span> <span class='ocrx_word' id='word_1_76' title='bbox 842 1057 1001 1135; x_wconf 90' lang='lat' dir='ltr'><strong>Pompeius</strong></span> <span class='ocrx_word' id='word_1_77' title='bbox 1035 1059 1133 1115; x_wconf 90' lang='lat' dir='ltr'><strong>omnia</strong></span> 
     </span>
     <span class='ocr_line' id='line_1_11' title="bbox 119 1146 1163 1226; baseline -0.004 -20"><span class='ocrx_word' id='word_1_78' title='bbox 119 1147 245 1207; x_wconf 85' lang='lat' dir='ltr'><strong>flammis</strong></span> <span class='ocrx_word' id='word_1_79' title='bbox 268 1148 407 1226; x_wconf 84' lang='lat' dir='ltr'><strong>ferroque</strong></span> <span class='ocrx_word' id='word_1_80' title='bbox 431 1147 587 1226; x_wconf 90' lang='lat' dir='ltr'><strong>populatus</strong></span> <span class='ocrx_word' id='word_1_81' title='bbox 606 1165 666 1206; x_wconf 93' lang='lat' dir='ltr'><strong>non</strong></span> <span class='ocrx_word' id='word_1_82' title='bbox 684 1149 770 1225; x_wconf 92' lang='lat' dir='ltr'><strong>prius</strong></span> <span class='ocrx_word' id='word_1_83' title='bbox 789 1148 879 1207; x_wconf 90' lang='lat' dir='ltr'><strong>finem</strong></span> <span class='ocrx_word' id='word_1_84' title='bbox 898 1146 1035 1206; x_wconf 90' lang='lat' dir='ltr'><strong>caedium</strong></span> <span class='ocrx_word' id='word_1_85' title='bbox 1055 1146 1132 1225; x_wconf 83' lang='lat' dir='ltr'><strong>lecit,</strong></span> <span class='ocrx_word' id='word_1_86' title='bbox 1145 1165 1163 1201; x_wconf 71' lang='grc' dir='ltr'><strong>ιι</strong></span> 
     </span>
     <span class='ocr_line' id='line_1_12' title="bbox 121 1234 1131 1314; baseline -0.003 -18"><span class='ocrx_word' id='word_1_87' title='bbox 121 1255 208 1314; x_wconf 90' lang='lat' dir='ltr'><strong>quam</strong></span> <span class='ocrx_word' id='word_1_88' title='bbox 231 1236 330 1298; x_wconf 82' lang='lat' dir='ltr'><strong>Asculi</strong></span> <span class='ocrx_word' id='word_1_89' title='bbox 360 1239 514 1297; x_wconf 87' lang='lat' dir='ltr'><strong>eversione</strong></span> <span class='ocrx_word' id='word_1_90' title='bbox 538 1235 676 1296; x_wconf 93' lang='lat' dir='ltr'><strong>manibus</strong></span> <span class='ocrx_word' id='word_1_91' title='bbox 699 1243 743 1296; x_wconf 92' lang='lat' dir='ltr'><strong>tot</strong></span> <span class='ocrx_word' id='word_1_92' title='bbox 767 1238 952 1297; x_wconf 81' lang='lat' dir='ltr'><strong>exercituum</strong></span> <span class='ocrx_word' id='word_1_93' title='bbox 976 1234 1131 1294; x_wconf 92' lang='lat' dir='ltr'><strong>consulum</strong></span> 
     </span>
     <span class='ocr_line' id='line_1_13' title="bbox 120 1325 929 1405; baseline 0.001 -21"><span class='ocrx_word' id='word_1_94' title='bbox 120 1326 363 1405; x_wconf 88' lang='lat' dir='ltr'><strong>direptarumque</strong></span> <span class='ocrx_word' id='word_1_95' title='bbox 387 1325 506 1386; x_wconf 91' lang='lat' dir='ltr'><strong>urbium</strong></span> <span class='ocrx_word' id='word_1_96' title='bbox 530 1325 576 1384; x_wconf 93' lang='lat' dir='ltr'><strong>dis</strong></span> <span class='ocrx_word' id='word_1_97' title='bbox 600 1325 736 1385; x_wconf 87' lang='lat' dir='ltr'><strong>litaretur</strong></span> <span class='ocrx_word' id='word_1_98' title='bbox 759 1332 929 1404; x_wconf 89' lang='lat' dir='ltr'><strong>utcumque.</strong></span> 
     </span>
    </p>
   </div>
   <div class='ocr_carea' id='block_1_3' title="bbox 414 1519 841 1581">
    <p class='ocr_par' dir='ltr' id='par_1_3' title="bbox 414 1519 841 1581">
     <span class='ocr_line' id='line_1_14' title="bbox 414 1519 841 1581; baseline 0.002 -2"><span class='ocrx_word' id='word_1_99' title='bbox 414 1520 471 1581; x_wconf 92' lang='lat' dir='ltr'><strong>Vll.</strong></span> <span class='ocrx_word' id='word_1_100' title='bbox 505 1519 654 1580; x_wconf 89' lang='lat' dir='ltr'><strong><em>BELLVM</em></strong></span> <span class='ocrx_word' id='word_1_101' title='bbox 677 1519 841 1580; x_wconf 83' lang='lat' dir='ltr'>SERVILE.</span> 
     </span>
    </p>
   </div>
   <div class='ocr_carea' id='block_1_4' title="bbox 14 1660 1133 1919">
    <p class='ocr_par' dir='ltr' id='par_1_4' title="bbox 14 1660 1133 1919">
     <span class='ocr_line' id='line_1_15' title="bbox 14 1660 1133 1743; baseline 0 -23"><span class='ocrx_word' id='word_1_102' title='bbox 14 1660 118 1743; x_wconf 81' lang='lat'><strong>111,19</strong></span> <span class='ocrx_word' id='word_1_103' title='bbox 186 1661 251 1721; x_wconf 86' lang='lat' dir='ltr'><strong>Etsi</strong></span> <span class='ocrx_word' id='word_1_104' title='bbox 284 1681 352 1722; x_wconf 92' lang='lat' dir='ltr'><strong>cum</strong></span> <span class='ocrx_word' id='word_1_105' title='bbox 385 1665 475 1722; x_wconf 91' lang='lat' dir='ltr'><strong>sociis</strong></span> <span class='ocrx_word' id='word_1_106' title='bbox 500 1697 541 1704; x_wconf 97' lang='lat'><strong>—</strong></span> <span class='ocrx_word' id='word_1_107' title='bbox 565 1663 648 1723; x_wconf 82' lang='lat' dir='ltr'><strong>nefas</strong></span> <span class='ocrx_word' id='word_1_108' title='bbox 672 1697 713 1704; x_wconf 93' lang='lat'><em>-</em></span> <span class='ocrx_word' id='word_1_109' title='bbox 738 1681 806 1723; x_wconf 90' lang='lat' dir='ltr'><strong>cum</strong></span> <span class='ocrx_word' id='word_1_110' title='bbox 837 1661 940 1722; x_wconf 90' lang='lat' dir='ltr'><strong>liberis</strong></span> <span class='ocrx_word' id='word_1_111' title='bbox 972 1668 1074 1722; x_wconf 91' lang='lat' dir='ltr'><strong>tamen</strong></span> <span class='ocrx_word' id='word_1_112' title='bbox 1106 1670 1133 1720; x_wconf 90' lang='lat' dir='ltr'><strong>et</strong></span> 
     </span>
     <span class='ocr_line' id='line_1_16' title="bbox 121 1751 1131 1831; baseline 0.001 -23"><span class='ocrx_word' id='word_1_113' title='bbox 121 1753 260 1828; x_wconf 80' lang='lat' dir='ltr'><strong>ingenuis</strong></span> <span class='ocrx_word' id='word_1_114' title='bbox 284 1751 456 1811; x_wconf 86' lang='lat' dir='ltr'><strong>dimicatum</strong></span> <span class='ocrx_word' id='word_1_115' title='bbox 481 1759 539 1812; x_wconf 86' lang='lat' dir='ltr'><strong>est:</strong></span> <span class='ocrx_word' id='word_1_116' title='bbox 569 1753 634 1830; x_wconf 91' lang='lat' dir='ltr'><strong>quis</strong></span> <span class='ocrx_word' id='word_1_117' title='bbox 658 1770 752 1831; x_wconf 89' lang='lat' dir='ltr'><strong>aequo</strong></span> <span class='ocrx_word' id='word_1_118' title='bbox 776 1754 873 1811; x_wconf 93' lang='lat' dir='ltr'><strong>animo</strong></span> <span class='ocrx_word' id='word_1_119' title='bbox 897 1751 973 1810; x_wconf 85' lang='lat' dir='ltr'><strong>ferat</strong></span> <span class='ocrx_word' id='word_1_120' title='bbox 996 1752 1028 1810; x_wconf 91' lang='lat' dir='ltr'><strong>in</strong></span> <span class='ocrx_word' id='word_1_121' title='bbox 1052 1753 1131 1830; x_wconf 89' lang='lat' dir='ltr'><strong>prin-</strong></span> 
     </span>
     <span class='ocr_line' id='line_1_17' title="bbox 85 1837 1133 1919; baseline -0.003 -17"><span class='ocrx_word' id='word_1_122' title='bbox 85 1840 188 1918; x_wconf 76' lang='lat' dir='ltr'><strong>acipe</strong></span> <span class='ocrx_word' id='word_1_123' title='bbox 226 1842 358 1917; x_wconf 80' lang='lat' dir='ltr'><strong>gentium</strong></span> <span class='ocrx_word' id='word_1_124' title='bbox 394 1840 502 1919; x_wconf 92' lang='lat' dir='ltr'><strong>populo</strong></span> <span class='ocrx_word' id='word_1_125' title='bbox 540 1840 616 1900; x_wconf 97' lang='lat' dir='ltr'><strong>bella</strong></span> <span class='ocrx_word' id='word_1_126' title='bbox 654 1837 828 1900; x_wconf 74' lang='lat' dir='ltr'><strong>servorum?</strong></span> <span class='ocrx_word' id='word_1_127' title='bbox 864 1841 994 1918; x_wconf 93' lang='lat' dir='ltr'><strong>primum</strong></span> <span class='ocrx_word' id='word_1_128' title='bbox 1027 1839 1133 1900; x_wconf 90' lang='lat' dir='ltr'><strong>servile</strong></span> 
     </span>
    </p>
   </div>
   <div class='ocr_carea' id='block_1_5' title="bbox 59 1992 1138 3626">
    <p class='ocr_par' dir='ltr' id='par_1_5' title="bbox 120 1992 1135 2349">
     <span class='ocr_line' id='line_1_18' title="bbox 193 1992 1135 2064; baseline 0.001 -18"><span class='ocrx_word' id='word_1_129' title='bbox 193 2000 207 2046; x_wconf 90' lang='lat'>1</span> <span class='ocrx_word' id='word_1_130' title='bbox 224 1992 389 2048; x_wconf 87' lang='lat' dir='ltr'><strong>Ocriculum.</strong></span> <span class='ocrx_word' id='word_1_131' title='bbox 414 1992 485 2046; x_wconf 84' lang='lat' dir='ltr'><strong>Ecce</strong></span> <span class='ocrx_word' id='word_1_132' title='bbox 500 1995 685 2064; x_wconf 82' lang='lat' dir='ltr'><strong>grumentum.</strong></span> <span class='ocrx_word' id='word_1_133' title='bbox 709 1994 782 2048; x_wconf 86' lang='lat' dir='ltr'><strong>Ecce</strong></span> <span class='ocrx_word' id='word_1_134' title='bbox 795 1993 892 2047; x_wconf 85' lang='lat' dir='ltr'><strong>fesule.</strong></span> <span class='ocrx_word' id='word_1_135' title='bbox 902 1995 947 2047; x_wconf 84' lang='lat' dir='ltr'><strong>bie</strong></span> <span class='ocrx_word' id='word_1_136' title='bbox 961 1995 1062 2048; x_wconf 74' lang='lat' dir='ltr'><strong>ammsa</strong></span> <span class='ocrx_word' id='word_1_137' title='bbox 1072 2000 1135 2063; x_wconf 87' lang='lat' dir='ltr'><strong>post</strong></span> 
     </span>
     <span class='ocr_line' id='line_1_19' title="bbox 121 2064 1135 2134; baseline -0.002 -16"><span class='ocrx_word' id='word_1_138' title='bbox 121 2064 245 2118; x_wconf 85' lang='lat' dir='ltr'><strong>cecinere</strong></span> <span class='ocrx_word' id='word_1_139' title='bbox 261 2083 291 2134; x_wconf 90' lang='lat' dir='ltr'><strong>p.</strong></span> <span class='ocrx_word' id='word_1_140' title='bbox 307 2069 421 2132; x_wconf 81' lang='lat' dir='ltr'><strong>123,1a</strong></span> <span class='ocrx_word' id='word_1_141' title='bbox 433 2067 528 2133; x_wconf 87' lang='lat' dir='ltr'><strong>posuit</strong></span> <span class='ocrx_word' id='word_1_142' title='bbox 541 2065 568 2118; x_wconf 90' lang='lat' dir='ltr'><em>L</em></span> <span class='ocrx_word' id='word_1_143' title='bbox 584 2071 588 2132; x_wconf 96' lang='grc'><strong>1</strong></span> <span class='ocrx_word' id='word_1_144' title='bbox 605 2067 780 2119; x_wconf 84' lang='lat' dir='ltr'><strong>crumentum</strong></span> <span class='ocrx_word' id='word_1_145' title='bbox 794 2066 821 2118; x_wconf 99' lang='grc' dir='ltr'>Β</span> <span class='ocrx_word' id='word_1_146' title='bbox 837 2068 841 2133; x_wconf 96' lang='grc'><strong>1</strong></span> <span class='ocrx_word' id='word_1_147' title='bbox 857 2064 987 2133; x_wconf 85' lang='lat' dir='ltr'><strong>pessulae</strong></span> <span class='ocrx_word' id='word_1_148' title='bbox 1002 2066 1030 2118; x_wconf 94' lang='grc' dir='ltr'>Β</span> <span class='ocrx_word' id='word_1_149' title='bbox 1048 2066 1058 2134; x_wconf 97' lang='grc'><strong>11</strong></span> <span class='ocrx_word' id='word_1_150' title='bbox 1076 2069 1092 2117; x_wconf 76' lang='lat'>2</span> <span class='ocrx_word' id='word_1_151' title='bbox 1107 2065 1135 2118; x_wconf 90' lang='lat' dir='ltr'><strong>et</strong></span> 
     </span>
     <span class='ocr_line' id='line_1_20' title="bbox 121 2134 1132 2207; baseline 0.001 -19"><span class='ocrx_word' id='word_1_152' title='bbox 121 2136 239 2190; x_wconf 87' lang='lat' dir='ltr'><strong>carseoli</strong></span> <span class='ocrx_word' id='word_1_153' title='bbox 262 2138 289 2190; x_wconf 99' lang='grc' dir='ltr'>Β</span> <span class='ocrx_word' id='word_1_154' title='bbox 313 2152 396 2204; x_wconf 90' lang='lat' dir='ltr'><strong>eccep</strong></span> <span class='ocrx_word' id='word_1_155' title='bbox 420 2135 523 2190; x_wconf 89' lang='lat' dir='ltr'><strong>arseoli</strong></span> <span class='ocrx_word' id='word_1_156' title='bbox 545 2136 575 2206; x_wconf 81' lang='lat' dir='ltr'><strong>(h</strong></span> <span class='ocrx_word' id='word_1_157' title='bbox 596 2139 669 2191; x_wconf 85' lang='lat' dir='ltr'><strong>inter</strong></span> <span class='ocrx_word' id='word_1_158' title='bbox 690 2155 709 2205; x_wconf 90' lang='lat' dir='ltr'>p</span> <span class='ocrx_word' id='word_1_159' title='bbox 731 2143 756 2191; x_wconf 84' lang='lat' dir='ltr'><strong>ct</strong></span> <span class='ocrx_word' id='word_1_160' title='bbox 774 2153 792 2190; x_wconf 91' lang='lat' dir='ltr'><strong>a</strong></span> <span class='ocrx_word' id='word_1_161' title='bbox 810 2153 869 2205; x_wconf 91' lang='lat' dir='ltr'><strong>sup.</strong></span> <span class='ocrx_word' id='word_1_162' title='bbox 888 2153 954 2190; x_wconf 82' lang='lat' dir='ltr'><strong>cers.</strong></span> <span class='ocrx_word' id='word_1_163' title='bbox 974 2153 1008 2190; x_wconf 91' lang='lat' dir='ltr'><strong>m.</strong></span> <span class='ocrx_word' id='word_1_164' title='bbox 1029 2138 1060 2205; x_wconf 83' lang='lat'><strong>2)</strong></span> <span class='ocrx_word' id='word_1_165' title='bbox 1079 2134 1132 2207; x_wconf 84' lang='grc' dir='ltr'><strong>Ν1</strong></span> 
     </span>
     <span class='ocr_line' id='line_1_21' title="bbox 120 2205 1133 2262; baseline 0.001 -3"><span class='ocrx_word' id='word_1_166' title='bbox 120 2210 226 2262; x_wconf 87' lang='lat' dir='ltr'><strong>reserat</strong></span> <span class='ocrx_word' id='word_1_167' title='bbox 241 2207 372 2261; x_wconf 83' lang='lat' dir='ltr'><strong>anuceria</strong></span> <span class='ocrx_word' id='word_1_168' title='bbox 386 2208 414 2260; x_wconf 95' lang='grc' dir='ltr'>Β</span> <span class='ocrx_word' id='word_1_169' title='bbox 427 2223 471 2261; x_wconf 87' lang='lat' dir='ltr'><strong>res</strong></span> <span class='ocrx_word' id='word_1_170' title='bbox 485 2209 547 2261; x_wconf 89' lang='lat' dir='ltr'><strong>erat</strong></span> <span class='ocrx_word' id='word_1_171' title='bbox 560 2207 674 2261; x_wconf 87' lang='lat' dir='ltr'><strong>nuceria</strong></span> <span class='ocrx_word' id='word_1_172' title='bbox 686 2208 720 2262; x_wconf 90' lang='lat' dir='ltr'><em>N</em></span> <span class='ocrx_word' id='word_1_173' title='bbox 730 2207 866 2261; x_wconf 85' lang='lat' dir='ltr'><strong>Reserata</strong></span> <span class='ocrx_word' id='word_1_174' title='bbox 881 2205 996 2260; x_wconf 89' lang='lat' dir='ltr'><strong>nuceria</strong></span> <span class='ocrx_word' id='word_1_175' title='bbox 1010 2207 1050 2261; x_wconf 87' lang='lat' dir='ltr'><strong>L:</strong></span> <span class='ocrx_word' id='word_1_176' title='bbox 1066 2223 1133 2262; x_wconf 81' lang='lat' dir='ltr'><strong>coir.</strong></span> 
     </span>
     <span class='ocr_line' id='line_1_22' title="bbox 120 2277 1133 2349; baseline -0.002 -15"><span class='ocrx_word' id='word_1_177' title='bbox 120 2281 239 2334; x_wconf 78' lang='lat' dir='ltr'><strong>Iahnius</strong></span> <span class='ocrx_word' id='word_1_178' title='bbox 257 2281 291 2349; x_wconf 81' lang='lat' dir='ltr'><strong>(u.</strong></span> <span class='ocrx_word' id='word_1_179' title='bbox 306 2280 456 2348; x_wconf 86' lang='lat' dir='ltr'><strong>Appianas</strong></span> <span class='ocrx_word' id='word_1_180' title='bbox 475 2280 533 2333; x_wconf 83' lang='lat' dir='ltr'><strong>bell.</strong></span> <span class='ocrx_word' id='word_1_181' title='bbox 553 2281 603 2332; x_wconf 86' lang='lat' dir='ltr'><strong>cin.</strong></span> <span class='ocrx_word' id='word_1_182' title='bbox 618 2279 640 2331; x_wconf 94' lang='lat' dir='ltr'><strong><em>I</em></strong></span> <span class='ocrx_word' id='word_1_183' title='bbox 649 2281 694 2347; x_wconf 76' lang='lat'><strong>41)</strong></span> <span class='ocrx_word' id='word_1_184' title='bbox 712 2278 801 2332; x_wconf 81' lang='lat' dir='ltr'><strong>Recte</strong></span> <span class='ocrx_word' id='word_1_185' title='bbox 820 2277 942 2331; x_wconf 82' lang='lat' dir='ltr'><strong>Nuceria</strong></span> <span class='ocrx_word' id='word_1_186' title='bbox 956 2278 1110 2333; x_wconf 76' lang='lat' dir='ltr'><strong>Salmasius</strong></span> <span class='ocrx_word' id='word_1_187' title='bbox 1129 2277 1133 2349; x_wconf 97' lang='grc'><strong>1</strong></span> 
     </span>
    </p>

    <p class='ocr_par' dir='ltr' id='par_1_6' title="bbox 59 2348 1138 3626">
     <span class='ocr_line' id='line_1_23' title="bbox 59 2348 1136 2420; baseline -0.003 -16"><span class='ocrx_word' id='word_1_188' title='bbox 59 2387 60 2391; x_wconf 37' lang='lat'>1</span> <span class='ocrx_word' id='word_1_189' title='bbox 122 2352 150 2404; x_wconf 90' lang='lat' dir='ltr'><strong>et</strong></span> <span class='ocrx_word' id='word_1_190' title='bbox 169 2358 232 2416; x_wconf 75' lang='lat' dir='ltr'><strong>anta</strong></span> <span class='ocrx_word' id='word_1_191' title='bbox 250 2350 374 2420; x_wconf 82' lang='lat' dir='ltr'><strong>picentia</strong></span> <span class='ocrx_word' id='word_1_192' title='bbox 392 2348 456 2404; x_wconf 70' lang='lat' dir='ltr'><strong>add.</strong></span> <span class='ocrx_word' id='word_1_193' title='bbox 479 2350 502 2405; x_wconf 82' lang='lat'><em>0</em></span> <span class='ocrx_word' id='word_1_194' title='bbox 519 2354 522 2413; x_wconf 91' lang='grc' dir='ltr'>Ι</span> <span class='ocrx_word' id='word_1_195' title='bbox 542 2348 649 2419; x_wconf 87' lang='lat' dir='ltr'><strong>picenti</strong></span> <span class='ocrx_word' id='word_1_196' title='bbox 667 2348 812 2403; x_wconf 87' lang='lat' dir='ltr'><strong>moenibus</strong></span> <span class='ocrx_word' id='word_1_197' title='bbox 832 2350 859 2402; x_wconf 99' lang='grc' dir='ltr'>Β</span> <span class='ocrx_word' id='word_1_198' title='bbox 877 2348 1004 2402; x_wconf 87' lang='lat' dir='ltr'><strong>Picentia</strong></span> <span class='ocrx_word' id='word_1_199' title='bbox 1022 2348 1136 2418; x_wconf 89' lang='lat' dir='ltr'><strong>penitus</strong></span> 
     </span>
     <span class='ocr_line' id='line_1_24' title="bbox 121 2417 1136 2502; baseline -0.001 -28"><span class='ocrx_word' id='word_1_200' title='bbox 121 2422 266 2490; x_wconf 86' lang='lat' dir='ltr'><strong>Hauptins</strong></span> <span class='ocrx_word' id='word_1_201' title='bbox 285 2417 457 2496; x_wconf 75' lang='lat' dir='ltr'><strong>&lt;omniaque</strong></span> <span class='ocrx_word' id='word_1_202' title='bbox 468 2421 550 2482; x_wconf 71' lang='lat' dir='ltr'><strong>[inde-</strong></span> <span class='ocrx_word' id='word_1_203' title='bbox 562 2420 600 2502; x_wconf 75' lang='lat' dir='ltr'><strong>a)</strong></span> <span class='ocrx_word' id='word_1_204' title='bbox 618 2420 776 2474; x_wconf 87' lang='lat' dir='ltr'><strong>Picentium</strong></span> <span class='ocrx_word' id='word_1_205' title='bbox 794 2420 896 2473; x_wconf 88' lang='lat' dir='ltr'><strong>finibus</strong></span> <span class='ocrx_word' id='word_1_206' title='bbox 910 2421 1048 2490; x_wconf 81' lang='lat' dir='ltr'><strong>Berplcius</strong></span> <span class='ocrx_word' id='word_1_207' title='bbox 1063 2419 1136 2473; x_wconf 87' lang='lat' dir='ltr'><strong>Ecus</strong></span> 
     </span>
     <span class='ocr_line' id='line_1_25' title="bbox 121 2490 1134 2562; baseline 0.001 -18"><span class='ocrx_word' id='word_1_208' title='bbox 121 2491 258 2546; x_wconf 77' lang='lat' dir='ltr'><strong>Tuticus?</strong></span> <span class='ocrx_word' id='word_1_209' title='bbox 272 2494 310 2561; x_wconf 84' lang='grc'><strong>113</strong></span> <span class='ocrx_word' id='word_1_210' title='bbox 329 2491 433 2546; x_wconf 88' lang='lat' dir='ltr'><strong>rutilae</strong></span> <span class='ocrx_word' id='word_1_211' title='bbox 447 2494 475 2547; x_wconf 92' lang='grc' dir='ltr'>Β</span> <span class='ocrx_word' id='word_1_212' title='bbox 493 2491 633 2545; x_wconf 82' lang='lat' dir='ltr'><strong>fratiliN</strong></span> <span class='ocrx_word' id='word_1_213' title='bbox 645 2494 649 2562; x_wconf 97' lang='grc'><strong>1</strong></span> <span class='ocrx_word' id='word_1_214' title='bbox 666 2491 790 2561; x_wconf 89' lang='lat' dir='ltr'><strong>capionis</strong></span> <span class='ocrx_word' id='word_1_215' title='bbox 805 2493 832 2545; x_wconf 95' lang='grc' dir='ltr'>Β</span> <span class='ocrx_word' id='word_1_216' title='bbox 845 2494 886 2562; x_wconf 88' lang='grc'><strong>114</strong></span> <span class='ocrx_word' id='word_1_217' title='bbox 904 2490 990 2545; x_wconf 90' lang='lat' dir='ltr'><strong>iulius</strong></span> <span class='ocrx_word' id='word_1_218' title='bbox 1008 2490 1071 2560; x_wconf 89' lang='lat' dir='ltr'><strong>ipse</strong></span> <span class='ocrx_word' id='word_1_219' title='bbox 1085 2492 1112 2545; x_wconf 87' lang='lat' dir='ltr'><strong><em>L</em></strong></span> <span class='ocrx_word' id='word_1_220' title='bbox 1129 2492 1134 2557; x_wconf 97' lang='grc'><strong>1</strong></span> 
     </span>
     <span class='ocr_line' id='line_1_26' title="bbox 121 2561 1136 2632; baseline 0.004 -19"><span class='ocrx_word' id='word_1_221' title='bbox 121 2561 198 2614; x_wconf 89' lang='lat' dir='ltr'><strong>iilius</strong></span> <span class='ocrx_word' id='word_1_222' title='bbox 218 2578 315 2616; x_wconf 84' lang='lat' dir='ltr'><strong>caesar</strong></span> <span class='ocrx_word' id='word_1_223' title='bbox 334 2564 479 2632; x_wconf 85' lang='lat' dir='ltr'><strong>(posterior</strong></span> <span class='ocrx_word' id='word_1_224' title='bbox 498 2570 649 2618; x_wconf 81' lang='lat' dir='ltr'><strong>s&#39;corrccta</strong></span> <span class='ocrx_word' id='word_1_225' title='bbox 667 2580 700 2617; x_wconf 84' lang='lat' dir='ltr'><strong>en</strong></span> <span class='ocrx_word' id='word_1_226' title='bbox 718 2566 742 2632; x_wconf 88' lang='lat' dir='ltr'><strong>r)</strong></span> <span class='ocrx_word' id='word_1_227' title='bbox 760 2565 788 2618; x_wconf 92' lang='grc' dir='ltr'>Β</span> <span class='ocrx_word' id='word_1_228' title='bbox 805 2561 929 2616; x_wconf 85' lang='lat' dir='ltr'><strong>Rutilius</strong></span> <span class='ocrx_word' id='word_1_229' title='bbox 948 2579 1003 2617; x_wconf 86' lang='lat' dir='ltr'><strong>cos.</strong></span> <span class='ocrx_word' id='word_1_230' title='bbox 1020 2562 1136 2617; x_wconf 81' lang='lat' dir='ltr'><strong>Freins-</strong></span> 
     </span>
     <span class='ocr_line' id='line_1_27' title="bbox 120 2633 1134 2705; baseline 0.001 -19"><span class='ocrx_word' id='word_1_231' title='bbox 120 2634 223 2686; x_wconf 82' lang='lat' dir='ltr'><strong>hemius</strong></span> <span class='ocrx_word' id='word_1_232' title='bbox 244 2636 249 2702; x_wconf 92' lang='grc'><strong>1</strong></span> <span class='ocrx_word' id='word_1_233' title='bbox 269 2633 402 2686; x_wconf 89' lang='lat' dir='ltr'><strong>ammisso</strong></span> <span class='ocrx_word' id='word_1_234' title='bbox 422 2636 514 2703; x_wconf 82' lang='lat' dir='ltr'><strong>(prior</strong></span> <span class='ocrx_word' id='word_1_235' title='bbox 531 2652 560 2687; x_wconf 93' lang='lat' dir='ltr'><strong>m</strong></span> <span class='ocrx_word' id='word_1_236' title='bbox 579 2635 725 2704; x_wconf 67' lang='lat' dir='ltr'><strong>transfixa)</strong></span> <span class='ocrx_word' id='word_1_237' title='bbox 744 2651 793 2687; x_wconf 83' lang='lat' dir='ltr'><strong>cur</strong></span> <span class='ocrx_word' id='word_1_238' title='bbox 810 2635 838 2688; x_wconf 95' lang='grc' dir='ltr'>Β</span> <span class='ocrx_word' id='word_1_239' title='bbox 859 2637 869 2700; x_wconf 90' lang='grc'><strong>11</strong></span> <span class='ocrx_word' id='word_1_240' title='bbox 889 2638 905 2686; x_wconf 80' lang='grc' dir='ltr'><strong>ὁ</strong></span> <span class='ocrx_word' id='word_1_241' title='bbox 925 2633 1062 2687; x_wconf 84' lang='lat' dir='ltr'><strong>eierretur</strong></span> <span class='ocrx_word' id='word_1_242' title='bbox 1079 2635 1114 2687; x_wconf 90' lang='lat' dir='ltr'><strong><em>N</em></strong></span> <span class='ocrx_word' id='word_1_243' title='bbox 1131 2646 1134 2705; x_wconf 88' lang='grc'><strong>1</strong></span> 
     </span>
     <span class='ocr_line' id='line_1_28' title="bbox 121 2703 1137 2774; baseline 0.003 -18"><span class='ocrx_word' id='word_1_244' title='bbox 121 2703 244 2756; x_wconf 88' lang='lat' dir='ltr'><strong>mediam</strong></span> <span class='ocrx_word' id='word_1_245' title='bbox 262 2704 360 2757; x_wconf 86' lang='lat' dir='ltr'><strong>urbem</strong></span> <span class='ocrx_word' id='word_1_246' title='bbox 378 2721 428 2773; x_wconf 88' lang='lat' dir='ltr'><strong>per</strong></span> <span class='ocrx_word' id='word_1_247' title='bbox 446 2704 524 2758; x_wconf 90' lang='lat' dir='ltr'><strong>uiam</strong></span> <span class='ocrx_word' id='word_1_248' title='bbox 541 2705 622 2761; x_wconf 87' lang='lat' dir='ltr'><strong>fecit:</strong></span> <span class='ocrx_word' id='word_1_249' title='bbox 647 2707 754 2760; x_wconf 76' lang='lat' dir='ltr'><strong>cariem</strong></span> <span class='ocrx_word' id='word_1_250' title='bbox 772 2704 886 2774; x_wconf 88' lang='lat' dir='ltr'><strong>(defecit</strong></span> <span class='ocrx_word' id='word_1_251' title='bbox 907 2705 1022 2772; x_wconf 79' lang='lat' dir='ltr'><strong>Titzius)</strong></span> <span class='ocrx_word' id='word_1_252' title='bbox 1041 2705 1137 2759; x_wconf 87' lang='lat' dir='ltr'><strong>media</strong></span> 
     </span>
     <span class='ocr_line' id='line_1_29' title="bbox 120 2774 1137 2845; baseline 0.002 -18"><span class='ocrx_word' id='word_1_253' title='bbox 120 2774 151 2827; x_wconf 91' lang='lat' dir='ltr'><strong>in</strong></span> <span class='ocrx_word' id='word_1_254' title='bbox 178 2775 246 2828; x_wconf 91' lang='lat' dir='ltr'><strong>urbe</strong></span> <span class='ocrx_word' id='word_1_255' title='bbox 274 2791 324 2844; x_wconf 91' lang='lat' dir='ltr'><strong>per</strong></span> <span class='ocrx_word' id='word_1_256' title='bbox 351 2775 428 2828; x_wconf 85' lang='lat' dir='ltr'><strong>uiam</strong></span> <span class='ocrx_word' id='word_1_257' title='bbox 457 2775 560 2830; x_wconf 89' lang='lat' dir='ltr'><strong>defecit</strong></span> <span class='ocrx_word' id='word_1_258' title='bbox 584 2776 716 2830; x_wconf 80' lang='lat' dir='ltr'><strong>Halmius</strong></span> <span class='ocrx_word' id='word_1_259' title='bbox 738 2775 833 2829; x_wconf 87' lang='lat' dir='ltr'><strong>media</strong></span> <span class='ocrx_word' id='word_1_260' title='bbox 855 2775 886 2828; x_wconf 93' lang='lat' dir='ltr'><strong>in</strong></span> <span class='ocrx_word' id='word_1_261' title='bbox 908 2775 977 2829; x_wconf 84' lang='lat' dir='ltr'><strong>urbe</strong></span> <span class='ocrx_word' id='word_1_262' title='bbox 1000 2775 1137 2845; x_wconf 90' lang='lat' dir='ltr'><strong>populum</strong></span> 
     </span>
     <span class='ocr_line' id='line_1_30' title="bbox 119 2845 1135 2917; baseline 0.003 -18"><span class='ocrx_word' id='word_1_263' title='bbox 119 2846 278 2899; x_wconf 87' lang='lat' dir='ltr'><strong>Romanum</strong></span> <span class='ocrx_word' id='word_1_264' title='bbox 296 2845 375 2899; x_wconf 88' lang='lat' dir='ltr'><strong>luctu</strong></span> <span class='ocrx_word' id='word_1_265' title='bbox 394 2846 488 2900; x_wconf 87' lang='lat' dir='ltr'><strong>affecit</strong></span> <span class='ocrx_word' id='word_1_266' title='bbox 508 2848 544 2900; x_wconf 85' lang='lat' dir='ltr'><strong>F.</strong></span> <span class='ocrx_word' id='word_1_267' title='bbox 559 2848 595 2902; x_wconf 85' lang='grc' dir='ltr'><strong>Β.</strong></span> <span class='ocrx_word' id='word_1_268' title='bbox 610 2847 760 2902; x_wconf 82' lang='lat' dir='ltr'><strong>Kaeblcrus</strong></span> <span class='ocrx_word' id='word_1_269' title='bbox 778 2846 901 2901; x_wconf 87' lang='lat' dir='ltr'><strong>mediam</strong></span> <span class='ocrx_word' id='word_1_270' title='bbox 919 2845 1080 2917; x_wconf 87' lang='lat' dir='ltr'><strong>(dimidiam</strong></span> <span class='ocrx_word' id='word_1_271' title='bbox 1100 2848 1135 2902; x_wconf 86' lang='lat' dir='ltr'><strong>E.</strong></span> 
     </span>
     <span class='ocr_line' id='line_1_31' title="bbox 120 2918 1138 2988; baseline -0.002 -14"><span class='ocrx_word' id='word_1_272' title='bbox 120 2918 302 2974; x_wconf 78' lang='lat' dir='ltr'><strong>Schwartaius</strong></span> <span class='ocrx_word' id='word_1_273' title='bbox 316 2919 372 2971; x_wconf 89' lang='lat' dir='ltr'><strong>ind.</strong></span> <span class='ocrx_word' id='word_1_274' title='bbox 390 2918 445 2971; x_wconf 83' lang='lat' dir='ltr'><strong>lect.</strong></span> <span class='ocrx_word' id='word_1_275' title='bbox 460 2918 586 2972; x_wconf 79' lang='lat' dir='ltr'><strong>Rastaclr.</strong></span> <span class='ocrx_word' id='word_1_276' title='bbox 605 2923 678 2973; x_wconf 87' lang='grc'>1889</span> <span class='ocrx_word' id='word_1_277' title='bbox 688 2937 718 2988; x_wconf 91' lang='lat' dir='ltr'><strong>p.</strong></span> <span class='ocrx_word' id='word_1_278' title='bbox 733 2921 763 2988; x_wconf 82' lang='lat'><strong>2)</strong></span> <span class='ocrx_word' id='word_1_279' title='bbox 783 2918 881 2972; x_wconf 87' lang='lat' dir='ltr'><strong>urbem</strong></span> <span class='ocrx_word' id='word_1_280' title='bbox 898 2919 1051 2988; x_wconf 80' lang='lat' dir='ltr'><strong>praeficem</strong></span> <span class='ocrx_word' id='word_1_281' title='bbox 1068 2918 1138 2972; x_wconf 83' lang='lat' dir='ltr'><strong>fecit</strong></span> 
     </span>
     <span class='ocr_line' id='line_1_32' title="bbox 120 2987 1137 3058; baseline -0.002 -14"><span class='ocrx_word' id='word_1_282' title='bbox 120 2989 261 3058; x_wconf 78' lang='lat' dir='ltr'><strong>Sauppins</strong></span> <span class='ocrx_word' id='word_1_283' title='bbox 275 2990 313 3057; x_wconf 81' lang='grc'><strong>117</strong></span> <span class='ocrx_word' id='word_1_284' title='bbox 337 2988 423 3042; x_wconf 87' lang='lat' dir='ltr'><strong>desua</strong></span> <span class='ocrx_word' id='word_1_285' title='bbox 445 2989 484 3056; x_wconf 81' lang='grc'><strong>01</strong></span> <span class='ocrx_word' id='word_1_286' title='bbox 500 2987 652 3042; x_wconf 85' lang='lat' dir='ltr'><strong>insurrexit</strong></span> <span class='ocrx_word' id='word_1_287' title='bbox 672 2989 696 3044; x_wconf 82' lang='lat' dir='ltr'><em>C</em></span> <span class='ocrx_word' id='word_1_288' title='bbox 710 2991 825 3055; x_wconf 80' lang='lat' dir='ltr'><strong>fortusse</strong></span> <span class='ocrx_word' id='word_1_289' title='bbox 842 2996 911 3045; x_wconf 84' lang='lat' dir='ltr'><strong>recte</strong></span> <span class='ocrx_word' id='word_1_290' title='bbox 927 2991 931 3058; x_wconf 94' lang='grc'><strong>1</strong></span> <span class='ocrx_word' id='word_1_291' title='bbox 947 2988 1137 3058; x_wconf 81' lang='lat' dir='ltr'><strong>Aggressique</strong></span> 
     </span>
     <span class='ocr_line' id='line_1_33' title="bbox 120 3059 1138 3132; baseline 0.001 -18"><span class='ocrx_word' id='word_1_292' title='bbox 120 3060 147 3114; x_wconf 90' lang='lat' dir='ltr'><strong><em>L</em></strong></span> <span class='ocrx_word' id='word_1_293' title='bbox 170 3064 173 3130; x_wconf 97' lang='grc'><strong>1</strong></span> <span class='ocrx_word' id='word_1_294' title='bbox 197 3060 240 3113; x_wconf 90' lang='lat' dir='ltr'><strong>sin</strong></span> <span class='ocrx_word' id='word_1_295' title='bbox 261 3059 375 3129; x_wconf 74' lang='grc'>1111011</span> <span class='ocrx_word' id='word_1_296' title='bbox 398 3065 414 3113; x_wconf 89' lang='grc'>8</span> <span class='ocrx_word' id='word_1_297' title='bbox 439 3061 576 3113; x_wconf 83' lang='lat' dir='ltr'><strong>ettruscos</strong></span> <span class='ocrx_word' id='word_1_298' title='bbox 595 3061 785 3132; x_wconf 69' lang='grc' dir='ltr'>Β1θ1τυεοοε</span> <span class='ocrx_word' id='word_1_299' title='bbox 809 3063 941 3130; x_wconf 78' lang='lat' dir='ltr'><strong>(priorem</strong></span> <span class='ocrx_word' id='word_1_300' title='bbox 964 3062 977 3114; x_wconf 87' lang='lat' dir='ltr'><strong>t</strong></span> <span class='ocrx_word' id='word_1_301' title='bbox 1000 3064 1138 3130; x_wconf 74' lang='lat' dir='ltr'><strong>expunxit</strong></span> 
     </span>
     <span class='ocr_line' id='line_1_34' title="bbox 119 3079 1137 3255; baseline 0 -70"><span class='ocrx_word' id='word_1_302' title='bbox 119 3150 153 3185; x_wconf 89' lang='lat' dir='ltr'><strong>m.</strong></span> <span class='ocrx_word' id='word_1_303' title='bbox 169 3133 199 3200; x_wconf 79' lang='lat'><strong>2)</strong></span> <span class='ocrx_word' id='word_1_304' title='bbox 218 3079 417 3255; x_wconf 34' lang='lat' dir='ltr'><strong>differuimus</strong></span> <span class='ocrx_word' id='word_1_305' title='bbox 437 3131 471 3184; x_wconf 92' lang='lat' dir='ltr'><em>N</em></span> <span class='ocrx_word' id='word_1_306' title='bbox 484 3130 630 3210; x_wconf 70' lang='lat' dir='ltr'><strong>grauinius</strong></span> <span class='ocrx_word' id='word_1_307' title='bbox 649 3131 676 3184; x_wconf 90' lang='lat' dir='ltr'><em>L</em></span> <span class='ocrx_word' id='word_1_308' title='bbox 694 3134 703 3200; x_wconf 95' lang='grc'><strong>11</strong></span> <span class='ocrx_word' id='word_1_309' title='bbox 728 3137 744 3184; x_wconf 83' lang='grc'>9</span> <span class='ocrx_word' id='word_1_310' title='bbox 763 3131 827 3185; x_wconf 91' lang='lat' dir='ltr'><strong>silla</strong></span> <span class='ocrx_word' id='word_1_311' title='bbox 841 3132 868 3185; x_wconf 88' lang='lat' dir='ltr'><strong><em>L</em></strong></span> <span class='ocrx_word' id='word_1_312' title='bbox 884 3135 888 3200; x_wconf 97' lang='grc'><strong>1</strong></span> <span class='ocrx_word' id='word_1_313' title='bbox 903 3131 1052 3201; x_wconf 90' lang='lat' dir='ltr'><strong>pompeius</strong></span> <span class='ocrx_word' id='word_1_314' title='bbox 1070 3149 1137 3186; x_wconf 89' lang='lat' dir='ltr'><strong>uero</strong></span> 
     </span>
     <span class='ocr_line' id='line_1_35' title="bbox 120 3201 1135 3272; baseline -0.001 -15"><span class='ocrx_word' id='word_1_315' title='bbox 120 3206 179 3272; x_wconf 85' lang='lat' dir='ltr'><strong>(om.</strong></span> <span class='ocrx_word' id='word_1_316' title='bbox 201 3204 260 3256; x_wconf 87' lang='lat' dir='ltr'><strong>stra</strong></span> <span class='ocrx_word' id='word_1_317' title='bbox 281 3205 307 3271; x_wconf 91' lang='lat' dir='ltr'><strong>o)</strong></span> <span class='ocrx_word' id='word_1_318' title='bbox 326 3204 354 3256; x_wconf 95' lang='grc' dir='ltr'>Β</span> <span class='ocrx_word' id='word_1_319' title='bbox 378 3204 387 3271; x_wconf 95' lang='grc'><strong>11</strong></span> <span class='ocrx_word' id='word_1_320' title='bbox 410 3207 444 3256; x_wconf 90' lang='grc'><strong>10</strong></span> <span class='ocrx_word' id='word_1_321' title='bbox 468 3201 536 3255; x_wconf 88' lang='lat' dir='ltr'><strong>fecrt</strong></span> <span class='ocrx_word' id='word_1_322' title='bbox 559 3219 608 3256; x_wconf 89' lang='lat' dir='ltr'><strong>om.</strong></span> <span class='ocrx_word' id='word_1_323' title='bbox 628 3202 662 3256; x_wconf 90' lang='lat' dir='ltr'><strong><em>N</em></strong></span> <span class='ocrx_word' id='word_1_324' title='bbox 680 3204 689 3272; x_wconf 96' lang='grc'><strong>11</strong></span> <span class='ocrx_word' id='word_1_325' title='bbox 713 3207 746 3255; x_wconf 92' lang='grc'><strong>11</strong></span> <span class='ocrx_word' id='word_1_326' title='bbox 766 3219 851 3270; x_wconf 86' lang='lat' dir='ltr'><strong>quam</strong></span> <span class='ocrx_word' id='word_1_327' title='bbox 869 3203 923 3256; x_wconf 87' lang='lat' dir='ltr'><strong>hac</strong></span> <span class='ocrx_word' id='word_1_328' title='bbox 942 3202 1089 3257; x_wconf 89' lang='lat' dir='ltr'><strong>euersione</strong></span> <span class='ocrx_word' id='word_1_329' title='bbox 1109 3205 1135 3256; x_wconf 93' lang='grc' dir='ltr'>Β</span> 
     </span>
     <span class='ocr_line' id='line_1_36' title="bbox 119 3271 1134 3346; baseline 0.002 -20"><span class='ocrx_word' id='word_1_330' title='bbox 119 3290 204 3342; x_wconf 89' lang='lat' dir='ltr'><strong>quam</strong></span> <span class='ocrx_word' id='word_1_331' title='bbox 223 3273 313 3328; x_wconf 89' lang='lat' dir='ltr'><strong>asculi</strong></span> <span class='ocrx_word' id='word_1_332' title='bbox 332 3272 431 3346; x_wconf 72' lang='lat' dir='ltr'><strong>(qsculi</strong></span> <span class='ocrx_word' id='word_1_333' title='bbox 450 3273 486 3342; x_wconf 88' lang='lat' dir='ltr'><strong>L)</strong></span> <span class='ocrx_word' id='word_1_334' title='bbox 506 3271 650 3326; x_wconf 88' lang='lat' dir='ltr'><strong>euersione</strong></span> <span class='ocrx_word' id='word_1_335' title='bbox 670 3274 694 3328; x_wconf 82' lang='lat'><em>0</em></span> <span class='ocrx_word' id='word_1_336' title='bbox 713 3276 722 3342; x_wconf 95' lang='grc'><strong>11</strong></span> <span class='ocrx_word' id='word_1_337' title='bbox 745 3279 777 3327; x_wconf 76' lang='lat'><strong>12</strong></span> <span class='ocrx_word' id='word_1_338' title='bbox 799 3273 853 3327; x_wconf 89' lang='lat' dir='ltr'><strong>diis</strong></span> <span class='ocrx_word' id='word_1_339' title='bbox 873 3273 932 3328; x_wconf 88' lang='lat' dir='ltr'><strong>BL</strong></span> <span class='ocrx_word' id='word_1_340' title='bbox 955 3274 1134 3343; x_wconf 71' lang='lat' dir='ltr'><strong>{Vtcumque</strong></span> 
     </span>
     <span class='ocr_line' id='line_1_37' title="bbox 118 3342 1135 3414; baseline 0.002 -16"><span class='ocrx_word' id='word_1_341' title='bbox 118 3348 200 3399; x_wconf 88' lang='lat' dir='ltr'><strong>initio</strong></span> <span class='ocrx_word' id='word_1_342' title='bbox 215 3347 339 3414; x_wconf 79' lang='lat' dir='ltr'><strong>proximi</strong></span> <span class='ocrx_word' id='word_1_343' title='bbox 353 3347 453 3414; x_wconf 87' lang='lat' dir='ltr'><strong>capitis</strong></span> <span class='ocrx_word' id='word_1_344' title='bbox 470 3343 539 3398; x_wconf 82' lang='lat' dir='ltr'><strong>OJd</strong></span> <span class='ocrx_word' id='word_1_345' title='bbox 553 3342 795 3413; x_wconf 88' lang='lat' dir='ltr'><strong>qualitercumque</strong></span> <span class='ocrx_word' id='word_1_346' title='bbox 809 3346 909 3400; x_wconf 86' lang='lat' dir='ltr'><strong>ibidem</strong></span> <span class='ocrx_word' id='word_1_347' title='bbox 922 3346 963 3399; x_wconf 85' lang='lat' dir='ltr'><strong>B:</strong></span> <span class='ocrx_word' id='word_1_348' title='bbox 977 3346 1031 3400; x_wconf 80' lang='lat' dir='ltr'><strong>auc</strong></span> <span class='ocrx_word' id='word_1_349' title='bbox 1046 3352 1135 3400; x_wconf 87' lang='lat' dir='ltr'><strong>trans-</strong></span> 
     </span>
     <span class='ocr_line' id='line_1_38' title="bbox 115 3414 1134 3487; baseline 0.001 -17"><span class='ocrx_word' id='word_1_350' title='bbox 115 3419 210 3484; x_wconf 86' lang='lat' dir='ltr'><strong>posuit</strong></span> <span class='ocrx_word' id='word_1_351' title='bbox 228 3417 357 3486; x_wconf 78' lang='lat' dir='ltr'><strong>Lipsius,</strong></span> <span class='ocrx_word' id='word_1_352' title='bbox 377 3418 410 3484; x_wconf 79' lang='lat' dir='ltr'><strong>cf.</strong></span> <span class='ocrx_word' id='word_1_353' title='bbox 424 3434 453 3485; x_wconf 87' lang='lat' dir='ltr'><strong>p.</strong></span> <span class='ocrx_word' id='word_1_354' title='bbox 469 3419 532 3481; x_wconf 80' lang='lat'><strong>136,</strong></span> <span class='ocrx_word' id='word_1_355' title='bbox 548 3422 565 3469; x_wconf 82' lang='lat' dir='ltr'><strong>o&#39;</strong></span> <span class='ocrx_word' id='word_1_356' title='bbox 584 3414 735 3483; x_wconf 88' lang='lat' dir='ltr'><strong>Hucusque</strong></span> <span class='ocrx_word' id='word_1_357' title='bbox 753 3417 872 3470; x_wconf 78' lang='lat' dir='ltr'><strong>Iahnius</strong></span> <span class='ocrx_word' id='word_1_358' title='bbox 885 3419 895 3486; x_wconf 94' lang='grc'><strong>11</strong></span> <span class='ocrx_word' id='word_1_359' title='bbox 909 3421 944 3468; x_wconf 88' lang='grc'>14</span> <span class='ocrx_word' id='word_1_360' title='bbox 963 3417 992 3469; x_wconf 92' lang='lat' dir='ltr'><strong>et</strong></span> <span class='ocrx_word' id='word_1_361' title='bbox 1012 3415 1071 3471; x_wconf 79' lang='lat' dir='ltr'><strong>sicci</strong></span> <span class='ocrx_word' id='word_1_362' title='bbox 1087 3417 1114 3470; x_wconf 95' lang='lat' dir='ltr'><strong><em>L</em></strong></span> <span class='ocrx_word' id='word_1_363' title='bbox 1132 3419 1134 3487; x_wconf 97' lang='grc'><strong>1</strong></span> 
     </span>
     <span class='ocr_line' id='line_1_39' title="bbox 120 3484 1135 3556; baseline 0.006 -18"><span class='ocrx_word' id='word_1_364' title='bbox 120 3502 183 3539; x_wconf 91' lang='lat' dir='ltr'><strong>cum</strong></span> <span class='ocrx_word' id='word_1_365' title='bbox 202 3494 265 3556; x_wconf 88' lang='lat' dir='ltr'><strong>post</strong></span> <span class='ocrx_word' id='word_1_366' title='bbox 283 3488 371 3541; x_wconf 89' lang='lat' dir='ltr'><strong>nefas.</strong></span> <span class='ocrx_word' id='word_1_367' title='bbox 391 3505 440 3543; x_wconf 79' lang='lat' dir='ltr'><strong>ont.</strong></span> <span class='ocrx_word' id='word_1_368' title='bbox 455 3488 483 3541; x_wconf 92' lang='grc' dir='ltr'>Β</span> <span class='ocrx_word' id='word_1_369' title='bbox 503 3488 508 3556; x_wconf 97' lang='grc'><strong>1</strong></span> <span class='ocrx_word' id='word_1_370' title='bbox 529 3484 639 3540; x_wconf 85' lang='lat' dir='ltr'><strong>libertis</strong></span> <span class='ocrx_word' id='word_1_371' title='bbox 660 3488 687 3540; x_wconf 99' lang='grc' dir='ltr'>Β</span> <span class='ocrx_word' id='word_1_372' title='bbox 710 3489 719 3556; x_wconf 96' lang='grc'><strong>11</strong></span> <span class='ocrx_word' id='word_1_373' title='bbox 744 3492 776 3540; x_wconf 90' lang='grc'><strong>16</strong></span> <span class='ocrx_word' id='word_1_374' title='bbox 795 3486 923 3556; x_wconf 88' lang='lat' dir='ltr'><strong>gentium</strong></span> <span class='ocrx_word' id='word_1_375' title='bbox 941 3504 991 3543; x_wconf 79' lang='lat' dir='ltr'><strong>auc.</strong></span> <span class='ocrx_word' id='word_1_376' title='bbox 1006 3487 1045 3555; x_wconf 89' lang='lat' dir='ltr'><strong>B,</strong></span> <span class='ocrx_word' id='word_1_377' title='bbox 1064 3494 1094 3543; x_wconf 89' lang='lat' dir='ltr'><strong>at</strong></span> <span class='ocrx_word' id='word_1_378' title='bbox 1112 3507 1135 3543; x_wconf 89' lang='lat' dir='ltr'><strong>u.</strong></span> 
     </span>
     <span class='ocr_line' id='line_1_40' title="bbox 105 3562 273 3626; baseline 0 -15"><span class='ocrx_word' id='word_1_379' title='bbox 105 3574 140 3625; x_wconf 68' lang='lat' dir='ltr'><strong>p.</strong></span> <span class='ocrx_word' id='word_1_380' title='bbox 155 3563 219 3626; x_wconf 78' lang='lat' dir='ltr'><strong>ras,</strong></span> <span class='ocrx_word' id='word_1_381' title='bbox 233 3562 273 3613; x_wconf 79' lang='lat' dir='ltr'><strong>ar</strong></span> 
     </span>
    </p>
   </div>
   <div class='ocr_carea' id='block_1_6' title="bbox 0 0 1172 3922">
    <p class='ocr_par' dir='ltr' id='par_1_7' title="bbox 0 0 1172 3922">
     <span class='ocr_line' id='line_1_41' title="bbox 0 0 1172 3922; baseline 0 0"><span class='ocrx_word' id='word_1_382' title='bbox 0 0 1172 3922; x_wconf 95' lang='lat' dir='ltr'><strong> </strong></span> 
     </span>
    </p>
   </div>
  </div>
 </body>
</html>
