2334 3922
372 182 573 233 PRAEFATIO
593 181 762 233 EDITORIS
946 179 1077 234 XXXVII

55 366 139 423 ceps,
163 340 399 428 manaarias¹),
422 349 517 421 fana,
540 349 694 407 radiarent
716 341 863 429 (radiaret
883 343 1021 429 Iahnius)
1045 350 1078 408 in

54 439 205 516 vulgares
232 439 282 498 vel
310 437 409 495 minus
436 437 559 496 idoneas
587 441 722 496 mutatae
755 440 838 496 sunt:
871 439 998 506 01111111,
1032 441 1077 497 ia·

56 531 159 595 seruet,
194 527 307 594 etaaso,
337 526 401 594 1101,
429 529 613 594 munerator,
636 527 732 599 feras,
760 527 957 586 radiarentur.
1003 528 1077 585 alibi

58 619 166 675 autem
184 615 309 675 voculas
329 614 473 691 quasdam
497 634 516 673 1
538 615 622 676 brevi
644 618 675 675 et
698 618 816 674 conciso
834 616 918 674 Flori
941 634 1076 674 sermone

58 705 177 763 alienas
210 723 307 781 neque
340 704 377 763 ob
410 704 591 764 sententiam
623 704 809 763 necessarias
837 704 966 763 inseruit
992 705 1077 763 velut

57 814 86 870 p.
106 795 163 868 44,
185 795 225 851 12
251 796 284 862 ei,
308 794 365 869 46,
385 795 404 852 3
429 797 498 861 trra,
525 795 604 869 135,
625 796 664 852 19
688 810 820 866 aaraqae.
867 793 995 869 denique
1019 794 1076 851 fre-

59 886 192 959 quenter
223 882 360 942 variandi
392 881 492 942 studio
522 881 631 941 ductus
659 900 826 959 synonyma
852 901 907 959 pro
938 882 1077 959 genuinis

59 975 95 1029 ut
120 975 192 1029 taac
212 990 268 1047 pro
292 975 353 1029 tara
376 972 406 1029 et
428 975 490 1029 tam
511 990 565 1047 pro
589 975 657 1029 tarac
683 962 832 1052 (passim),
855 972 933 1030 aetat
954 973 1078 1029 111111-

61 1079 153 1133 qaam
189 1078 244 1135 pro
285 1061 372 1133 quast
408 1050 568 1140 (passim),
611 1061 786 1119 scatentibus
822 1079 876 1136 pro
913 1060 1078 1131 sareatibas

61 1143 103 1226 (p.
126 1150 156 1221 8,
178 1140 249 1229 18),
276 1151 378 1207 searita
406 1168 459 1224 pro
483 1150 572 1207 ttraite
594 1140 714 1228 (pti,
735 1140 805 1228 13),
835 1150 996 1221 iaealisqae
1022 1167 1076 1224 pro

61 1237 244 1312 trapetisqae
270 1228 313 1319 (p.
336 1239 412 1315 153,
438 1230 471 1317 2)
504 1238 615 1314 posuit.
665 1238 762 1297 1111111
785 1238 884 1296 rarius
906 1238 932 1295 B
956 1256 1077 1315 quoque

62 1327 177 1386 similia
200 1326 276 1387 vitia
298 1327 424 1385 traxisse
445 1326 574 1386 videtur.
602 1326 706 1402 itaque
726 1325 925 1385 dubitandum
948 1345 1008 1385 non
1031 1330 1078 1385 est

65 1416 139 1493 quin
157 1435 187 1492 p.
209 1417 282 1492 148,
301 1419 321 1473 4
340 1417 367 1474 11
388 1417 497 1474 1111111
512 1416 642 1474 hoccasio
661 1434 721 1474 non
740 1415 771 1473 in
790 1434 824 1475 eo
844 1415 919 1490 ipso,
941 1415 972 1473 id
997 1415 1077 1491 qnod

63 1505 130 1565 leve
150 1505 265 1564 vitium
287 1506 393 1563 ruisset
415 1523 468 1581 pro
491 1506 597 1577 fuisset
619 1503 763 1579 ostendit,
795 1504 846 1562 sed
869 1504 930 1562 iam
953 1503 985 1561 in
1012 1503 1077 1561 eius

63 1594 230 1669 exemplari
252 1612 410 1671 perperam
432 1613 486 1669 pro
515 1593 674 1666 expedisset
701 1592 782 1669 quod
805 1591 827 1652 0
852 1593 985 1653 servavit
1008 1591 1077 1650 sub·

63 1682 208 1742 stitutum
232 1682 281 1742 sit.
314 1703 342 1758 p.
365 1685 436 1758 124,
458 1685 496 1740 12
517 1700 588 1740 vero
610 1681 722 1740 nollem
744 1685 897 1754 atramque
915 1700 951 1739 ex
974 1680 1078 1740 eodem

62 1771 251 1846 recepissem.
299 1789 481 1848 quamquam
505 1771 639 1830 enimin
667 1789 701 1829 eo
730 1771 811 1847 quod
838 1770 864 1828 B
887 1770 1012 1846 praebet
1033 1769 1078 1828 aa

62 1861 309 1934 qualitercumque
344 1861 428 1935 prius
465 1859 646 1920 vocabulum
681 1863 806 1935 propter
836 1860 915 1918 male
947 1858 1078 1935 positam

62 1949 174 2025 capitis
206 1948 432 2026 inscriptionem
463 1948 616 2007 adiectum
648 1966 711 2007 esse
747 1940 882 2028 patet²)‚
919 1948 1078 2025 vulgarius

63 2041 218 2111 1111111111
250 2037 331 2115 quod
358 2037 437 2096 111111
463 2058 492 2114 p.
513 2040 589 2114 129,
611 2039 650 2096 17
679 2056 733 2113 pro
761 2038 913 2096 rarissimo
942 2038 1078 2110 qualiter·

63 2144 186 2200 manaae
217 2127 255 2186 ab
286 2127 504 2202 interpolatore
536 2125 637 2202 aliquo
672 2126 861 2202 suppositum
889 2144 952 2184 esse
979 2126 1078 2184 multo

65 2215 260 2276 verisimilius
291 2215 414 2275 videtur
447 2233 537 2292 quam
568 2216 625 2273 hoc
656 2233 711 2290 pro
744 2215 806 2275 illo.
861 2233 949 2289 porro
982 2213 1079 2272 amari

64 2304 137 2364 haec
156 2303 324 2381 composita
342 2323 360 2362 a
380 2304 468 2363 Floro
487 2322 548 2363 non
565 2303 665 2362 minus
685 2322 776 2380 quam
795 2322 813 2361 a
833 2303 946 2362 Seneca
964 2303 1026 2361 filio
1047 2305 1078 2362 11

64 2412 82 2453 1
104 2391 278 2454 Columella
301 2393 389 2453 docet
413 2391 504 2451 etiam
527 2392 787 2465 quomodocumque
810 2392 890 2468 quod
913 2413 941 2468 p.
965 2394 1037 2470 136,
1058 2395 1076 2450 6

65 2483 186 2561 1131111,

127 2571 210 2631 Aliis
232 2570 306 2630 locis
329 2571 428 2632 levius
451 2570 601 2647 corruptis
623 2570 676 2628 ubi
700 2570 728 2628 A
752 2573 783 2630 et
805 2569 827 2629 G
851 2570 969 2631 diversa
991 2589 1077 2648 prae·

63 2659 137 2721 bent
174 2661 333 2738 aliquanto
368 2659 521 2718 difficilius
553 2659 591 2717 lis
623 2659 783 2718 dirimitur.
837 2679 908 2717 nam
940 2660 1078 2737 quamvis

63 2749 222 2828 egregium
240 2748 272 2807 in
292 2767 328 2807 ea
342 2747 534 2807 diiudicanda
549 2747 765 2806 adminiculum
780 2748 820 2807 sit
833 2752 975 2808 accurata
989 2766 1075 2807 usus
1092 2766 1119 2806 ae
1134 2776 1162 2816 ge

61 2837 231 2898 Floriani
250 2837 393 2896 dicendi
412 2836 623 2897 observatio
641 2837 710 2895 inde
726 2856 744 2895 a
760 2837 892 2914 Sauppio
908 2842 939 2898 et
952 2838 1075 2897 Woelff·
1092 2819 1159 2912 effi

61 2928 133 3005 lino,
160 2945 231 2986 cum
253 2926 377 2985 Iahnius
401 2945 467 2984 eam
488 2945 548 2985 non
572 2926 647 2985 satis
670 2927 850 3002 curavisset,
874 2947 983 3005 magno
1008 2945 1077 2985 eum
1105 2927 1167 3019 Ἓξ

60 3017 168 3076 fructu
186 3015 332 3088 adhibita,
356 3019 458 3075 tamen
476 3015 599 3073 minoris
618 3014 750 3074 erubitus
770 3016 903 3092 epitoma
921 3019 967 3075 est
985 3033 1077 3091 qnam

62 3124 142 3183 quae
167 3105 208 3163 ad
231 3123 332 3164 omnes
355 3104 436 3163 locos
456 3100 594 3162 difficiles
614 3106 687 3181 apta
706 3105 842 3181 exempla
861 3104 1076 3164 subministret.

60 3195 191 3255 insitum
214 3196 316 3253 antem
337 3193 452 3253 rhetori
469 3191 607 3253 variandi
625 3193 760 3252 studium
778 3195 840 3252 iam
858 3212 949 3271 supra
968 3210 1077 3269 cogno·

60 3285 172 3344 rimus.
218 3282 323 3360 itaque
350 3301 465 3343 memor
488 3282 704 3341 Hermanniani
730 3283 814 3341 illius
838 3301 902 3341 esse
926 3280 1077 3358 quandam

134 3508 161 3575 1)
179 3522 206 3559 v.
227 3503 416 3570 Quintilianus
435 3504 501 3559 inst.
521 3507 591 3560 orat.
611 3505 674 3558 VIII
692 3510 716 3572 3,
732 3510 774 3558 34.

134 3579 161 3646 2)
181 3575 216 3631 cf.
236 3594 263 3645 p.
278 3575 387 3630 XXVII.
