2334 3922
524 214 639 265 INDEX

84 377 180 428 trema
211 372 317 442 refugit
348 373 499 443 Spartacus
533 388 550 424 a

84 444 189 499 Crasso
206 443 304 513 pulsus
324 449 384 513 129,
399 450 423 498 ὃ.
461 441 550 497 totius

85 516 107 569 I.
126 514 235 569 viribus
255 532 394 569 armorum
408 515 549 569 Mariano-

83 605 150 640 rum
163 586 240 640 furor
252 585 354 640 nititur
369 591 428 655 130,
439 592 464 641 5.
490 585 549 639 eius

84 657 242 727 municipia
259 656 335 712 bello
349 657 477 712 Mariano
497 657 549 710 sub

84 729 172 783 hasta
194 731 317 782 veneunt
339 735 437 797 134,1.
475 729 550 782 intra

85 799 107 855 I.
125 799 243 869 Syllana
261 801 415 870 tempestas
435 799 552 853 detonat

84 876 149 940 139,
159 875 184 924 2.
213 869 288 924 intra
304 870 325 926 Ι.
344 871 450 925 bellum
469 869 551 924 civile

85 941 290 1011 Pompeianum
300 941 551 1009 committitur139,

88 1019 130 1068 16.
150 1013 171 1068 L
185 1012 278 1081 prima
290 1012 381 1067 civilis
391 1012 461 1067 belli
470 1012 551 1066 Pom-

86 1082 185 1153 peiani
207 1084 314 1138 harena
332 1089 393 1153 141,
403 1090 446 1138 20.
474 1084 550 1138 abl.

85 1154 164 1225 fugit
177 1154 326 1224 Pompeius
342 1161 402 1224 142,
414 1163 437 1210 7.
456 1171 551 1208 rursus

87 1226 204 1280 Italiam
226 1225 302 1279 redit
323 1225 422 1280 Florus
447 1231 511 1295 185,
526 1232 550 1279 4.

88 1296 191 1351 Italiae
214 1296 287 1350 vites
306 1297 422 1352 affectat
439 1297 551 1367 provin-

87 1367 133 1422 cia
151 1367 368 1437 Tarraconensis
388 1374 448 1437 186,
463 1374 481 1420 4

69 1438 211 1493 Italicis
230 1439 338 1494 artibus
353 1440 491 1495 Graecum
509 1439 550 1493 in·

86 1509 203 1581 genium
216 1511 369 1565 miscuerat
382 1510 551 1580 Tarquinius

86 1582 200 1636 Priscus
238 1588 284 1652 12,
312 1588 337 1636 3.
388 1582 551 1636 Italicorum

45 1663 48 1667 ’
85 1653 224 1724 postremi
237 1653 267 1706 in
280 1654 364 1708 fidem
373 1670 473 1708 venere
484 1653 550 1707 Vol-

87 1724 155 1778 sinii
174 1729 274 1793 37,12.
310 1724 551 1794 1110111111-

85 1796 140 1850 bus
169 1798 267 1850 contra
294 1796 435 1850 Romanos
463 1796 552 1850 utitur

86 1865 232 1920 Hannibal
251 1871 293 1936 59,
308 1872 333 1921 4,
365 1869 386 1922 Ι.
406 1866 551 1950 sanguinis

85 1938 139 1991 fios
159 1940 188 1991 et
202 1937 287 1991 robur
300 1937 331 1991 in
343 1937 471 2008 Pompei1
488 1955 551 2008 par-

87 2008 168 2062 tibus
187 2013 247 2077 139,
264 2015 297 2062 10

70 2079 179 2134 lubae
198 2080 223 2148 Ι,
251 2081 445 2135 Mauretaniae
468 2081 552 2150 regis,

88 2152 244 2205 adventum
262 2168 319 2205 non
335 2152 456 2206 sustinet
470 2151 552 2205 Curio

87 2227 151 2291 144,
167 2227 191 2276 9.
224 2222 244 2278 I.
264 2222 376 2277 accedit
394 2222 481 2293 copiis
501 2223 552 2276 Ca-

86 2293 166 2348 tonis
198 2295 227 2347 et
259 2293 398 2365 Scipionis
426 2300 552 2364 149,14.

85 2364 151 2418 eius
170 2363 315 2434 elephanti
334 2367 403 2436 aput
421 2366 553 2436 Thapson

86 2435 120 2489 in
134 2452 199 2489 suos
214 2452 275 2490 sese
289 2437 483 2507 circumagunt
493 2443 553 2506 149,

91 2512 135 2561 19.
160 2506 272 2562 Petreio
287 2525 316 2562 se
331 2507 554 2561 interficiendum

88 2578 209 2648 praebet
223 2583 283 2647 150,
294 2584 319 2633 4.
347 2595 412 2632 eum
430 2578 555 2633 ostendit

88 2651 208 2718 quartus
241 2649 368 2704 Caesaris
395 2649 554 2720 triumphus

71 2763 194 2847 luddei
207 2791 432 2861 Hierosolymam
450 2792 555 2845 frustra

90 2858 198 2917 contra·
213 2862 377 2932 Pompeium
405 2863 555 2917 defendere

90 2935 235 3003 temptant
245 2939 356 3002 100,12.
376 2933 480 3003 impiae
489 2950 556 3004 gen-

91 3004 131 3058 tis
153 3021 289 3058 arcanum
313 3005 364 3059 sub
389 3022 475 3059 aurea
498 3004 557 3058 vite

91 3075 193 3130 Caelus
214 3081 273 3146 100,
290 3082 322 3129 13

71 3146 128 3201 sub
142 3145 258 3216 iugum
272 3147 384 3216 Aequos
400 3149 429 3201 et
440 3146 556 3201 Volscos

91 3216 184 3271 mittit
197 3217 228 3274 T.
240 3217 387 3283 Quinctius
403 3224 445 3288 20,
455 3223 478 3273 l.
502 3218 556 3272 Ro·

91 3305 192 3344 manos
210 3289 328 3343 Pontius
342 3290 499 3345 Herennius
514 3294 556 3357 29,

92 3366 136 3416 20.
156 3360 173 3415 i.
190 3360 363 3416 Samnitibus
378 3362 490 3432 reponit
504 3360 557 3415 Pa-

90 3431 182 3503 pirius
211 3437 258 3500 30,
281 3439 305 3489 6.
351 3434 415 3487 imis
442 3432 558 3502 Alpium

91 3503 168 3629 tlt?
181 3503 557 3631 1111111111

128 3675 213 3715 Florus
228 3675 261 3714 sd.
279 3673 303 3715 0.
317 3675 475 3718 Rossbach.

1017 213 1083 278 225

621 373 731 424 montes
750 370 970 441 111111167,20.
999 372 1017 429 i.
1037 391 1083 428 ex-

622 441 694 496 cutit
714 442 832 496 Macedo
851 443 988 498 Andrisco
1013 445 1083 500 duce

623 518 669 594 72,
692 518 732 566 16.
779 531 829 583 per
860 513 1034 597 Pyrenaeum
1064 516 1082 570 i.

621 585 1085 727 1111111111

621 728 665 781 tes
691 726 847 796 Hispaniae
874 730 972 799 gentes
998 735 1043 798 79,
1059 735 1084 784 5.

623 797 796 851 Tridentinis
815 798 832 852 i.
851 798 881 852 in
894 799 1007 854 Italiam
1022 818 1086 870 pro-

622 868 714 922 voluti
728 868 833 923 Cimbri
848 875 942 938 91,17,
971 872 1085 925 Rhenus

622 943 708 1010 ponte
725 940 807 1008 quasi
820 940 839 995 i.
855 957 872 994 a
887 941 1005 996 Caesare
1020 959 1085 1013 cap-

623 1014 669 1065 tus
690 1016 812 1080 108,16.
852 1011 888 1066 ab
916 1012 1039 1082 inposito
1066 1014 1085 1068 i.

623 1081 750 1152 gentium
776 1082 898 1137 cervices
921 1086 986 1153 post
1008 1084 1086 1139 bella

624 1153 721 1207 civilia
738 1153 870 1208 resiliunt
889 1160 948 1224 169,
965 1161 980 1208 7

606 1223 636 1277 in
654 1225 823 1294 Iugurtha
846 1225 901 1278 fuit
924 1227 1000 1295 quod
1020 1229 1085 1297 post

623 1295 813 1350 Hannibalem
835 1296 981 1351 timeretur
1002 1302 1044 1367 86,
1060 1304 1085 1353 9.

623 1367 724 1420 fratres
750 1367 883 1422 interficit
907 1372 1019 1437 80,17.
1056 1369 1087 1422 in

624 1437 727 1491 Scauro
738 1438 859 1493 Romani
873 1438 984 1508 imperii
993 1457 1084 1494 mores

624 1511 767 1578 expugnat
785 1515 828 1577 87,
843 1515 868 1564 5.
900 1527 999 1579 paoem
1018 1511 1088 1565 emit

624 1597 642 1634 a
655 1579 752 1634 Bestia
762 1586 855 1650 87,10.
885 1582 1087 1651 conpetitorem

623 1651 735 1721 imperii
748 1652 903 1707 Massivam
918 1653 1031 1707 conficit
1044 1659 1087 1721 87,

625 1729 666 1778 12.
703 1721 838 1776 Albinum
865 1724 955 1778 vinca
982 1730 1025 1795 er,
1045 1731 1087 1780 rc.

624 1810 688 1848 eum
705 1793 857 1864 fugitivum
876 1796 1007 1850 Metellus
1025 1813 1087 1866 per-

623 1864 750 1933 sequitur
769 1870 812 1936 88,
827 1872 851 1922 4.
888 1867 963 1936 apud
982 1866 1089 1921 Cirtam

623 1936 749 2006 graviter
768 1937 895 1991 caeditur
910 1943 1005 2003 88,12.
1036 1955 1086 2008 per

624 2007 743 2061 insidias
767 2010 866 2077 captus
890 2009 920 2062 in
942 2008 1085 2078 triumpho

624 2077 736 2131 ducitur
755 2083 797 2147 88,
814 2084 855 2134 19.
881 2099 907 2135 v.
926 2079 1050 2133 Numida

606 2148 731 2217 Iuliae,
756 2149 883 2204 Caesaris
907 2150 982 2204 filiae
1005 2150 1086 2204 Porn-

624 2220 687 2291 peio
702 2223 816 2291 nuptae,
830 2221 927 2291 generi
942 2221 1086 2289 socerique

626 2292 778 2346 aemulatio
798 2292 920 2362 erumpit
939 2298 1030 2360 141,4

606 2363 717 2417 Iuliae
741 2363 854 2434 gentis
881 2362 1089 2432 cooptationem

625 2434 737 2488 inhibet
749 2433 888 2488 Antonius
902 2434 986 2488 IIIvir
1001 2439 1086 2502 150,9

609 2505 813 2560 Sex.Iulium
828 2505 1007 2560 Caesarem
1022 2509 1090 2576 (cos

627 2579 672 2646 91)
696 2576 767 2631 festo
792 2576 837 2631 die
855 2577 1020 2631 Latinarum
1037 2577 1090 2631 im-

625 2648 731 2702 molare
747 2651 884 2702 conantur
898 2649 1089 2718 socii123,12.

627 2719 731 2773 amisso
757 2719 880 2774 exercitu
904 2720 998 2774 media
1020 2721 1089 2774 urbe

627 2807 677 2860 per
695 2790 772 2844 viam
790 2791 886 2845 deficit
905 2797 997 2860 124,4

610 2861 640 2917 L.
678 2860 873 2930 Caesarem,
920 2860 1090 2916 avunculum

629 2951 724 3002 suum,
764 2933 915 3004 proscribit
950 2932 1089 2986 Antonius

628 3004 712 3058 111vir
731 3010 821 3074 1111

611 3075 641 3129 in
655 3075 684 3132 C.
695 3076 819 3130 lulium
834 3073 1090 3130 CaesaremAsia

630 3165 647 3202 a
670 3147 802 3217 Pompeio
829 3147 947 3201 subacta
965 3145 1091 3199 Fortuna

629 3235 702 3287 quae
737 3219 885 3272 restabant
915 3218 946 3270 in
977 3217 1091 3286 Europa

629 3288 763 3342 transfert
778 3294 837 3358 106,
849 3296 873 3343 6.
901 3287 1046 3342 Helvetios
1061 3289 1091 3340 in

630 3361 709 3414 sedes
737 3377 802 3414 suas
829 3359 939 3414 reducit
968 3364 1089 3427 106,15.

630 3448 693 3484 cum
715 3430 811 3501 Belgis
837 3429 988 3501 confligens
1011 3446 1091 3500 proe-

629 3502 699 3556 lium
717 3502 842 3556 restituit
861 3507 920 3570 106,
936 3508 978 3557 20.
1004 3501 1091 3571 Aqui·

629 3576 711 3627 tanos
726 3575 755 3626 et
765 3573 889 3629 Morinos
900 3573 989 3628 vincit
1000 3578 1059 3641 107,
1066 3581 1091 3628 4.

909 3671 948 3717 hia
