2334 3922
364 184 760 255 nuummmn
1030 183 1072 248 Μ

56 353 180 413 Romam
207 353 402 432 profugisset,
430 354 521 411 missa
548 370 603 430 per
629 351 742 428 legatos
770 353 898 428 pecunia
924 352 1014 410 traxit
1041 342 1074 411 in

58 443 237 502 sententiam
270 459 353 500 suam
387 447 530 499 senatum.
577 447 607 499 et
637 439 711 499 haec
742 441 808 498 eius
836 438 892 498 luit
920 439 956 497 de
984 439 1108 499 nobiss

56 533 154 608 prima
180 531 311 589 victoria.
358 530 466 587 missos
494 527 615 607 deinde,
647 530 700 606 qui
728 545 854 605 regnum
881 529 960 586 inter
988 526 1073 587 illum

52 617 313 696 Adherbalemque
347 617 528 696 dividerent,
561 615 699 675 similiter
731 614 907 695 adgressus,
940 633 1008 675 cum
1040 618 1073 675 in

30 707 171 766 sscauro
208 709 290 785 ipsos
322 704 447 765 Romani
484 706 604 783 imperii
640 722 740 764 mores
777 710 990 783 expugnasset,
1027 705 1072 763 in-

58 795 197 855 choatum
224 794 307 853 nelas
334 794 461 872 perfecit
484 793 614 853 audacia.
661 793 713 852 sed
737 811 797 853 non
820 793 872 852 diu
894 792 986 852 latent
1009 810 1072 852 see·

58 884 129 943 lera.
171 889 327 961 corruptae
351 882 434 941 nefas
453 881 608 959 legationis
627 883 726 960 erupit
744 880 913 960 placuitque
932 882 1072 959 persequi
1092 892 1108 940 6

57 970 136 1031 hello
159 970 346 1049 parricidam.
387 972 502 1048 primus
526 972 558 1029 in
580 969 750 1030 Numidiam
774 969 951 1048 Calpurnius
974 968 1073 1028 Bestia
1093 981 1108 1029 1

59 1059 164 1120 consul
183 1061 359 1139 inmittitur3
379 1058 432 1117 sed
451 1077 503 1117 rex
517 1060 632 1137 peritus
648 1059 754 1118 lortius
769 1058 910 1118 adversus
923 1056 1072 1117 Romanos

17 1169 45 1208 1o
59 1166 165 1208 aurum
189 1166 254 1207 esse
279 1165 368 1226 quam
390 1146 503 1206 ferrum
525 1165 628 1225 pacem
648 1149 728 1207 emit.
775 1149 860 1206 euius
879 1146 984 1224 flagitii
1002 1163 1073 1206 reus
1092 1157 1108 1206 8

59 1255 128 1297 cum
151 1237 368 1295 interveniente
392 1234 511 1313 publiea
532 1234 590 1294 fide
614 1254 630 1294 a
650 1243 754 1295 senatu
774 1241 985 1314 arcesseretur,
1007 1236 1073 1312 pari

59 1324 182 1385 audacia
205 1331 235 1384 et
253 1326 334 1384 venit
353 1331 383 1383 et
402 1326 617 1402 conpetitorem
637 1325 756 1402 imperii
774 1323 930 1383 Massivam
948 1324 1072 1382 inmisso

58 1430 236 1492 percussore
260 1413 396 1472 coniecit.
433 1411 506 1471 haec
530 1411 622 1471 altera
645 1418 748 1471 eontra
771 1429 873 1489 regem
894 1429 982 1470 eausa
1000 1409 1072 1470 belli
1091 1423 1107 1472 9

59 1502 124 1561 luit.
170 1503 261 1579 igitur
293 1519 422 1579 sequens
451 1499 525 1560 ultio
559 1500 714 1561 mandatur
740 1499 855 1559 Albino.
911 1506 956 1559 set
983 1498 1073 1559 huius

19 1604 44 1645 11
60 1607 179 1668 quoque
204 1623 246 1631 —
269 1607 324 1668 pro
348 1588 478 1648 dedecus
498 1623 539 1630 —
564 1589 656 1648 irater
678 1591 719 1649 ita
743 1590 877 1666 eorrupit
899 1589 1074 1668 exereitum,

56 1688 91 1738 ut
118 1678 282 1738 voluntaria
310 1686 481 1737 nostrorum
512 1678 579 1754 luga
602 1679 735 1737 vinceret
757 1676 884 1737 Numida
908 1679 1073 1755 castrisque

56 1775 226 1847 poteretur,
255 1765 354 1826 addito
383 1768 473 1825 etiam
500 1768 581 1844 turpi
609 1766 729 1826 loedere
753 1768 784 1825 in
806 1767 937 1844 pretium
961 1765 1073 1845 salutis,

58 1873 117 1934 quo
147 1873 221 1933 quos
250 1862 362 1914 emerat
390 1854 503 1913 dimisit
527 1857 684 1915 exereitus.
730 1854 851 1914 tandem
875 1857 907 1914 in
929 1853 1073 1914 ultionem
1093 1865 1126 1914 10

57 1962 119 2003 non
146 1951 206 2003 tam
234 1945 354 2021 imperii
376 1941 409 2002 R.
435 1961 522 2021 quam
545 1943 669 2021 pudoris
692 1942 828 2003 Metellus
852 1943 997 2022 adsurgit,
1022 1945 1073 2021 qui

15 2048 41 2086 so
57 2032 249 2092 callidissime
272 2031 389 2091 hostem
412 2049 493 2092 nunc
515 2030 656 2110 precibus
679 2049 758 2091 nunc
780 2033 879 2111 miniS,
902 2033 961 2089 iam
981 2032 1072 2090 simu-

57 2121 116 2179 lata
144 2123 203 2179 iam
230 2138 300 2179 vera
328 2121 396 2198 fuga
419 2119 589 2179 eludentem
612 2118 726 2179 artibus
750 2121 812 2178 suis
836 2118 994 2196 adgressus
1018 2126 1072 2179 est.

58 2225 198 2283 agrorum
222 2215 310 2286 atque
333 2211 467 2267 vicorum
489 2207 680 2287 populatione
700 2225 760 2267 non
779 2213 936 2267 contentus
957 2208 988 2266 in
1007 2208 1072 2286 ipsa
1093 2220 1125 2270 11

132 2345 147 2393 2
173 2356 252 2394 suam
274 2359 360 2411 supra
382 2359 488 2397 uersum
510 2343 538 2395 B
563 2346 567 2410 Ι
588 2341 643 2395 fuit
667 2343 701 2396 de
723 2341 805 2395 nobis
829 2340 960 2412 61111011
983 2346 1000 2394 4
1024 2342 1072 2395 nd-

58 2409 204 2464 herbalem
236 2427 290 2479 que
322 2413 352 2480 (h
383 2431 469 2483 supro
494 2417 610 2483 uersunu)
637 2414 665 2467 B
694 2411 895 2481 atherbaleque
922 2413 955 2466 N
980 2411 1072 2467 uther-

57 2481 208 2549 bilemque
234 2482 265 2536 N
272 2481 314 2534 ²L
340 2484 344 2550 1
370 2499 519 2553 aggressus
543 2484 570 2537 L
591 2485 600 2552 11
624 2491 640 2538 6
664 2483 799 2537 audacius
825 2484 848 2540 0
870 2487 874 2554 1
899 2483 949 2536 diu
971 2501 1028 2538 nou
1052 2485 1075 2540 0

56 2553 148 2607 neseio
171 2570 210 2606 an
231 2559 300 2607 recte
325 2554 328 2621 1
351 2553 443 2607 letoni
464 2557 496 2609 in
518 2553 610 2608 latent
633 2557 750 2611 mutauit
768 2556 796 2608 B
818 2557 827 2624 11
851 2553 961 2610 7116116
980 2571 1073 2626 perse-

58 2623 109 2691 qui
133 2622 185 2692 011
209 2626 225 2675 8
252 2622 423 2692 parricidam
452 2627 599 2693 (posterior
625 2643 639 2678 1
666 2643 753 2695 supra
779 2629 894 2750 oersunq
913 2626 948 2680 N
970 2631 973 2689 Ι
1000 2626 1030 2680 in
1053 2626 1073 2696 (i

56 2695 180 2748 radendo
203 2700 377 2750 correctness
401 2697 424 2765 s)
448 2696 482 2750 N
503 2698 506 2766 1
532 2695 623 2749 uestis
647 2697 674 2750 B
697 2699 706 2767 11
729 2696 881 2751 simmiui
895 2714 928 2750 111
945 2697 972 2750 L
997 2701 1001 2767 1
1027 2714 1072 2751 ex·

56 2767 154 2834 pertus
173 2765 305 2832 Iahnius,
332 2772 362 2820 ut
386 2784 410 2821 n.
431 2766 508 2836 Verp.
529 2768 574 2821 ecl.
594 2772 644 2834 10,
662 2771 716 2831 32,·
738 2768 813 2823 Pers.
832 2773 865 2835 2,
878 2772 915 2823 32
937 2770 947 2837 11
970 2773 1003 2821 11
1027 2767 1073 2822 cui

57 2836 85 2888 L
110 2837 114 2905 1
140 2837 328 2888 accesseretur
357 2836 382 2890 0
405 2836 602 2890 accerssiretur
617 2837 678 2892 1N²
704 2840 713 2908 11
742 2844 775 2892 12
803 2838 912 2893 etuenit
941 2841 1073 2906 (priorem

55 2908 69 2959 t
92 2908 229 2975 expunxit
251 2924 285 2960 ni.
305 2911 334 2973 2)
353 2907 387 2961 N
407 2909 411 2977 1
436 2907 602 2961 masinissae
625 2911 664 2977 (m
685 2926 720 2963 ni.
739 2911 771 2979 2)
791 2917 855 2978 post
877 2907 989 2978 imperii
1007 2910 1070 2964 udi.

56 2977 92 3030 N
106 2976 255 3031 masinisse
270 2977 297 3030 L
322 2979 326 3045 1
351 2977 506 3032 massiuum
527 2980 622 3103 qpnior
644 2996 657 3032 s
679 2997 767 3049 supra
789 2998 894 3035 versum
911 2997 945 3033 nr.
965 2982 995 3049 2)
1014 2979 1049 3034 N
1066 2979 1069 3051 1

57 3047 184 3101 immisso
202 3048 293 3117 01114
312 3047 367 3101 fuit
387 3065 472 3102 eausa
490 3049 526 3103 be
550 3049 618 3103 andi
633 3050 673 3120 01
689 3067 821 3120 praesens
840 3049 911 3103 ultio
931 3050 967 3103 N.
983 3050 1071 3104 Hein-

56 3120 116 3173 sius
131 3122 135 3188 1
152 3119 208 3173 Sed
221 3118 248 3172 L
261 3121 270 3188 11
286 3125 319 3172 15
338 3118 426 3173 frater
444 3137 494 3175 oni.
512 3121 554 3190 011
570 3127 602 3174 17
621 3123 766 3191 poteretur
780 3123 808 3175 B
823 3120 963 3190 potiretur
976 3119 1048 3176 13²0
1063 3123 1071 3193 1

58 3195 91 3243 18
112 3189 201 3257 quod:
222 3207 290 3244 corr.
311 3191 473 3245 Perizonius
498 3195 502 3258 1
527 3208 597 3260 quos
615 3193 643 3245 B
661 3192 768 3262 primus
788 3194 812 3247 0
834 3194 837 3261 1
862 3189 1000 3244 exereitus
1020 3193 1071 3248 del.

56 3260 199 3329 Scioppius
224 3265 227 3325 1
253 3260 406 3314 exereitum
430 3261 528 3316 eodem
550 3264 676 3332 tempore
699 3263 729 3316 in
749 3263 801 3332 011
825 3266 857 3315 19
876 3260 998 3315 metallis
1016 3263 1044 3315 Β
1065 3262 1069 3325 1

57 3331 182 3399 assurgit
195 3330 222 3383 L
233 3333 250 3400 ’11
268 3336 303 3384 20
322 3330 505 3387 callidissime
520 3334 587 3388 ΒΝ
589 3334 599 3363 ²
619 3333 792 3388 calidissime
808 3332 896 3401 01121
913 3331 995 3400 quasi
1008 3341 1072 3401 post

56 3401 115 3453 iam
134 3403 197 3456 add.
215 3401 238 3455 0
256 3404 260 3471 1
281 3418 431 3472 aggressus
446 3403 473 3456 L
491 3407 500 3474 11
519 3409 552 3457 22
571 3421 628 3458 non
646 3407 709 3459 add.
724 3422 766 3476 up.
781 3420 833 3457 nec
850 3404 970 3458 Iahnius
985 3408 989 3470 Ι
1006 3420 1070 3458 con-

55 3473 180 3597 tIempt5u4s
196 3473 276 3598 pedi.
292 3473 459 3542 contemptis
479 3476 539 3544 (oni.
553 3478 620 3545 uon)
639 3476 852 3544 Freinshemius,
871 3481 901 3530 nt
918 3492 942 3530 u.
958 3473 1063 3531 Sallus*

72 3561 117 3614 Ni·
173 3585 182 3611 ›
