2334 3922
107 194 175 260 258

559 197 674 249 INDEX

110 353 590 424 Seres‚·Asiaepopulus‚Augusto
644 320 871 407 P.⁸Servilius
894 353 1002 408 Vatia
1029 354 1116 409 Isau-

126 442 243 479 munera
260 425 380 478 mittunt
398 429 457 492 181,
474 431 507 478 15

110 497 222 551 661166
235 496 359 551 tentoria
367 495 500 549 Antiochi
511 501 553 563 66,
564 502 589 550 1.

661 423 753 477 ricus
773 423 874 478 Cilices
896 442 955 478 non
978 424 1118 481 incruente

660 495 781 549 victoria
827 498 944 565 superat
987 502 1115 566 101,17.

127 567 261 622 Parthica
275 567 357 637 signa
372 566 468 620 sericis
477 566 589 621 vexillis
660 566 771 620 isauros
790 567 893 621 evertit
911 573 972 636 101,
988 573 1024 621 21

125 639 271 693 vibrantia
290 644 380 720 112,1
520 708 526 719 ἡ

109 708 588 836 131311111116

124 858 257 922 nae22,1.
273 868 386 922 serpens
396 850 588 906 invindictam

125 924 237 978 Africae
255 925 325 977 nata
343 928 443 991 45,10.
476 939 586 992 serpen-

58 1046 60 1050 .
125 998 168 1048 tes
192 995 342 1064 Cleopatra
368 993 513 1048 advenas
537 993 586 1046 ad-

124 1069 350 1134 1116161169,1.
389 1083 409 1118 s.
435 1065 503 1118 alite
526 1063 586 1118 121-

123 1136 241 1207 ptolemi
261 1136 474 1190 6111111111Τ6116
493 1135 587 1205 iungit

126 1213 298 1276 1861614

107 1279 343 1334 Sertorianum
378 1278 486 1333 bellum
517 1277 586 1346 quid

124 1350 244 1420 amplius
268 1368 354 1419 quam
372 1349 505 1418 Syllanac
522 1365 586 1419 pro·

123 1421 284 1492 scriptionis
300 1421 461 1476 hereditas?
481 1425 567 1489 134,8

122 1564 287 1629 Mithridati
305 1564 412 1617 nudum
435 1563 511 1616 latus
534 1563 586 1614 im-

122 1634 182 1704 peri
192 1635 380 1689 ostendebant
391 1639 432 1702 96,
443 1639 467 1687 4.
487 1634 586 1686 urbem

123 1721 185 1757 cum
214 1704 303 1758 Cinna
335 1704 425 1758 Mario
458 1702 584 1758 Carbone

643 637 781 692 Servius
803 637 943 692 Tullius
966 641 1036 708 post
1058 639 1117 693 Tar-

660 708 788 777 quinium
796 708 923 763 Priscum
932 711 1121 779 gubernacula

660 779 978 850 1111161116111112,17.
1008 798 1119 852 regnum

660 850 725 905 dolo
743 854 856 920 partum
875 851 915 904 sic
934 851 998 921 egit
1015 854 1048 905 ut
1065 853 1118 908 iure

660 922 778 992 adeptus
797 922 942 976 videretur
956 929 1037 991 13,1.
1066 924 1120 978 6116

659 993 786 1047 sollertia
802 993 934 1047 ordinata
948 1011 994 1048 166
1009 995 1120 1064 publica

660 1071 701 1132 13,
716 1070 740 1118 4.
776 1064 807 1117 in
825 1081 888 1118 eum
907 1081 1088 1134 percussores
1104 1083 1122 1120 6

658 1134 811 1203 Tarquinio
848 1135 976 1205 Superbo
1014 1137 1120 1191 inmissi

658 1212 759 1274 13,12.
790 1223 874 1276 supra
893 1223 958 1260 eum
978 1212 1121 1263 cruentum

656 1277 717 1330 filia
745 1277 839 1331 Tullia
871 1280 954 1332 vecta
988 1283 1120 1350 carpento

658 1354 700 1416 13,
712 1354 753 1404 15.
779 1347 872 1403 effecit
888 1351 922 1402 ut
935 1349 1001 1419 ipsa
1015 1367 1045 1405 se
1059 1367 1121 1404 nos·

657 1422 700 1474 661
712 1421 840 1474 Romana
858 1435 902 1474 res
918 1421 1038 1489 publica
1054 1426 1123 1490 15‚8

23 1520 27 1525 ·
105 1491 136 1557 Q.
166 1493 340 1549 Sertorius
373 1491 452 1561 Sylla
478 1491 585 1544 Marius
640 1490 826 1560 Sibyllinis
849 1491 1011 1551 versibus
1035 1492 1120 1547 desti·

656 1564 756 1616 natum
774 1561 901 1616 familiae
920 1579 989 1617 suae
1005 1581 1121 1634 regnum

657 1633 713 1758 {ilbi
727 1633 900 1687 vaticinatur
913 1633 1052 1688 Lentulus
1063 1641 1122 1704 137,

122 1776 212 1828 intrat
240 1781 303 1844 131,
329 1781 370 1828 13.
409 1773 473 1828 exul
500 1774 584 1828 malis
639 1775 669 1828 in
697 1775 855 1830 Siciliam
886 1774 1024 1830 Tarentos
1059 1778 1122 1833 vela

121 1846 178 1900 suis
215 1846 305 1900 maria
341 1848 486 1913 terrasque
521 1863 584 1915 per-

122 1917 236 1971 miscuit
256 1923 378 1986 134,11.
415 1916 584 1986 Hispaniam

121 1989 313 2058 armavit134‚
325 1994 365 2045 15.
398 1987 583 2042 Mithridaten

122 2061 212 2115 classe
226 2061 300 2115 iuvit
315 2064 425 2128 134,18.
450 2059 582 2113 Metellus

121 2135 150 2186 et
168 2133 317 2203 Pompeius
339 2131 399 2186 eius
419 2131 514 2201 copias
533 2131 583 2184 ad-

119 2203 222 2258 trivere
238 2209 297 2272 134,
308 2210 350 2258 21.
371 2219 519 2273 oppressus
534 2203 583 2256 do-

118 2275 237 2329 mestica
256 2274 354 2328 fraude
375 2280 484 2342 135,10

103 2344 134 2410 Q.
155 2345 325 2401 Servilius
344 2345 467 2413 Ahala,
491 2344 581 2415 magi-

120 2420 176 2470 ster
210 2417 353 2485 equitum,
392 2416 519 2470 Cassium
550 2415 581 2468 in

118 2487 211 2540 medio
231 2488 291 2542 foro
311 2488 437 2542 confodit
455 2493 498 2556 41,
513 2493 528 2540 2

102 2557 132 2622 Q.
158 2557 328 2612 Servilius
359 2558 483 2628 Caepio
511 2561 576 2627 (cos.

120 2631 182 2696 106)
193 2628 330 2698 impetum
345 2629 518 2683 Cimbrorum
535 2648 579 2683 su·

119 2698 223 2753 stinere
241 2716 299 2753 non
316 2700 410 2769 potuit
429 2706 520 2769 90,16

100 2769 228 2826 Servili
264 2770 402 2838 praetoris
437 2773 530 2825 castra
562 2789 579 2825 a

118 2841 205 2898 servis
225 2843 309 2911 capta
329 2846 388 2909 126,
405 2847 428 2895 9.
449 2848 482 2896 17
533 2860 535 2865 ·

100 2912 131 2979 Q.
149 2912 320 2968 Servilius
340 2911 465 2982 Caepio
484 2929 578 2966 aemu-

115 2985 159 3038 lus
178 2984 252 3038 Livii
270 2983 355 3037 Drusi
370 2990 429 3052 121,
441 2990 482 3037 12.
516 3001 578 3038 reos

116 3056 239 3110 ambitus
265 3056 400 3110 Scaurum
423 3057 451 3109 et
471 3054 578 3125 Philip-

114 3146 183 3197 pum
202 3126 424 3197 elegit121‚15.
454 3126 514 3180 eius
533 3143 578 3180 co·

115 3199 179 3268 piae
191 3199 290 3253 sociali
298 3198 374 3254 bello
384 3215 483 3253 caesae
492 3203 550 3265 124,
560 3204 576 3250 3

98 3269 576 3340 CaepioAsiaticumfretumbello

114 3341 233 3411 piratico
252 3341 364 3396 obsedit
383 3347 443 3409 102,
457 3347 491 3395 20

97 3411 125 3465 C.
137 3412 321 3466 Servilium
336 3412 517 3468 Glauciam
531 3429 575 3466 66-

114 3482 235 3537 tellitem
248 3483 350 3537 furoris
365 3485 409 3537 sui
422 3484 491 3539 fecit
499 3486 574 3553 Apu·

112 3554 185 3608 lesus
205 3560 264 3624 166,
282 3559 313 3607 11

657 1846 882 1914 111111111132,4.
920 1847 946 1900 S.
972 1848 1061 1901 armis
1084 1849 1120 1902 ad

655 1917 846 1973 continentem
863 1934 944 1970 suam
959 1920 1119 1974 revocanda

654 1989 731 2043 bello
757 1988 908 2042 videbatur
934 1990 1042 2059 populo
1066 1992 1118 2045 Ro-

654 2076 738 2114 mano
770 2064 820 2126 42,
845 2065 868 2113 6.
910 2059 1062 2116 foederata
1093 2062 1118 2117 ei

655 2131 756 2186 civitas
786 2131 918 2184 Messana
945 2136 995 2201 42,
1020 2138 1046 2188 9.
1089 2137 1122 2187 ut

654 2204 796 2257 Romanus
811 2201 853 2255 ita
864 2202 975 2256 Poenus
990 2219 1056 2257 66111
1071 2205 1119 2258 611-

653 2274 898 2341 166161614211.
936 2273 966 2327 11.
987 2273 1118 2330 Cornelio

654 2345 784 2415 Scipione
795 2344 907 2399 consule
917 2344 943 2399 S.
953 2346 1121 2401 suburbana

653 2418 715 2470 6161
744 2415 890 2485 provincia
922 2421 969 2486 44,
995 2423 1039 2471 10.
1084 2419 1120 2472 cf.

654 2493 718 2556 125,
735 2492 757 2540 7.
795 2486 910 2541 11616116
936 2488 1054 2543 consule
1077 2506 1120 2544 re-

652 2575 764 2613 versum
785 2557 815 2610 in
839 2558 864 2613 S.
883 2557 992 2612 bellum
1009 2565 1060 2628 46,
1077 2566 1118 2617 17.

652 2631 722 2700 aput
739 2628 847 2682 insulas
863 2631 989 2699 Aegatae
1007 2630 1119 2686 lacera·

651 2703 698 2755 tae
717 2700 872 2753 Poenorum
894 2703 971 2755 rates
994 2702 1121 2774 pelagus

650 2772 724 2826 inter
752 2771 778 2826 S.
801 2770 1017 2840 Sardiniamque
1047 2791 1117 2828 nau-

650 2843 694 2897 fra
714 2842 742 2895 io
767 2859 817 2895 suo
841 2847 1117 2914 ο116111611111148,7.

650 2915 685 2969 be
711 2914 717 2925 '
735 2913 835 2967 Punici
853 2913 970 2969 secundi
987 2917 1117 2986 ternpore

650 2984 771 3056 populus
789 2985 932 3038 Romanus
953 2985 984 3039 in
1003 2989 1030 3041 S.
1053 2987 1117 3042 Sar-

650 3056 759 3110 diniam
771 3055 939 3126 Hispaniam
952 3073 1034 3111 arma
1050 3059 1118 3112 mic

649 3128 730 3182 tebat
744 3132 821 3197 618.
847 3128 872 3183 S.
887 3128 1026 3182 mandata
1040 3129 1116 3184 Mar·

649 3198 720 3252 cello
735 3204 831 3266 57,10,
858 3199 918 3252 eius
933 3201 1021 3269 caput
1031 3200 1114 3269 Syra-

649 3286 732 3323 cusae
743 3275 785 3338 57,
797 3276 838 3325 12.
858 3270 917 3324 eius
933 3270 1027 3339 spolia
1042 3272 1115 3325 clas·

649 3341 687 3394 sis
706 3341 833 3394 Romana
853 3341 1033 3411 praeferebat
1051 3345 1114 3397 tota

649 3411 767 3466 Graecia
790 3418 838 3480 62,
857 3418 898 3467 22.
937 3412 998 3466 eius
1026 3413 1114 3469 litora

648 3483 741 3537 subito
756 3483 879 3537 adventu
889 3482 990 3538 Cilices
1005 3488 1112 3540 terrue-

646 3557 713 3608 runt
745 3561 808 3623 102,
837 3561 861 3610 6.
902 3554 992 3609 satius
1026 3556 1114 3611 fuerit
