2334 3922
124 201 145 264 6
483 204 594 255 raom
612 202 775 254 mnoua

87 380 104 430 o
122 388 341 450 processusque
370 371 435 428 eius
457 371 598 429 inveniet
642 371 739 447 prima
760 376 842 428 aetas
861 367 917 427 suo
939 367 1061 446 regibus
1080 368 1136 428 luit

122 477 215 538 prope
247 477 302 536 per
333 476 427 518 annos
459 458 706 536 quadringentos,
742 456 853 536 quilius
884 459 997 516 cirrum
1029 456 1136 517 urbem

122 550 217 627 ipsam
240 565 309 606 oum
332 547 468 606 finitimis
490 546 619 606 luctatus
642 556 696 606 est
736 546 810 606 haec
833 548 891 605 erit
913 548 980 605 eius
1001 546 1135 605 infantia.

87 649 104 696 o
122 654 252 714 sequens
275 655 291 695 a
314 635 406 694 Bruto
429 634 635 713 Collatinoque
658 634 831 694 oonsulibus
853 637 885 693 in
903 636 1031 713 Appium
1049 633 1135 694 Clau-

122 725 204 785 dium
218 724 362 794 Quintum
375 723 513 783 fulvium
525 723 665 783 consules
679 732 799 783 centum
813 725 1028 801 quinquaginta
1041 741 1135 783 annos
1162 751 1167 775 ε

119 822 210 893 palei,
233 812 342 891 quibus
364 812 478 872 ltaliam
501 811 627 890 subegit
663 813 720 872 hoe
743 813 798 871 luit
817 820 935 890 tempus
952 812 1025 871 viris
1043 813 1134 871 armis

86 904 374 982 lineitatissimum,
396 901 523 980 ideoque
547 904 615 980 quis
638 901 870 961 adulescentiam
891 899 1010 960 dixerit.
1052 900 1134 960 dein-

120 1009 191 1070 ceps
215 990 251 1050 ad
270 989 427 1050 Caesarem
446 990 613 1068 Augustum
635 998 756 1050 centum
775 997 804 1049 el
824 991 1038 1067 quinquaginta
1057 990 1133 1068 anni,

121 1079 230 1156 quibus
248 1086 344 1138 lolum
362 1078 465 1138 orbem
482 1081 606 1158 pacavit
642 1079 692 1138 hie
711 1081 770 1138 iam
788 1081 854 1158 ipsa
866 1080 1001 1138 iuventas
1015 1078 1133 1157 imperii

84 1177 102 1226 8
120 1176 150 1226 el
170 1167 314 1245 quaedam
332 1169 418 1246 quasi
436 1167 559 1227 robusta
576 1170 740 1228 maturitas
777 1186 793 1227 a
813 1166 938 1227 Caesare
951 1166 1084 1245 Augusto
1102 1167 1132 1225 in
1144 1183 1162 1224 n

120 1255 272 1316 saeculum
290 1264 426 1316 noslrum
445 1256 515 1316 haul
539 1255 633 1316 mullo
656 1259 756 1316 minus
778 1258 848 1316 anni
871 1255 1002 1334 ducenti,
1025 1254 1130 1334 quibus

119 1346 227 1426 inertia
244 1344 405 1405 Caesarum
428 1347 513 1424 quasi
536 1347 692 1405 consenuit
715 1353 804 1423 alque
826 1344 954 1425 decoxit,
975 1344 1037 1404 nisi
1055 1342 1130 1422 quod

119 1433 175 1492 sulr
196 1434 323 1494 Traiano
345 1436 481 1513 principe
504 1436 596 1494 morit
618 1433 745 1494 lacertos
768 1441 798 1493 el
820 1440 940 1512 praeter
962 1451 1048 1512 spem
1071 1450 1129 1491 om·

118 1524 201 1581 nium
229 1530 368 1582 senectus
396 1524 516 1601 imperii
543 1525 629 1601 quasi
653 1522 770 1583 reddita
792 1524 946 1582 iuuentute
968 1521 1128 1581 revirescit.

89 1604 107 1666 1
184 1610 304 1669 Primus
326 1609 375 1669 ille
399 1618 429 1670 et
451 1609 537 1670 urbis
560 1617 591 1670 el
612 1613 733 1690 imperii
750 1611 887 1671 eonditor
904 1608 1049 1670 Romulus
1067 1609 1159 1688 iniqu

81 1696 210 1757 aarum
233 1701 351 1776 genitus
374 1706 403 1758 et
422 1698 503 1758 Rhea
522 1697 620 1759 Silvia
665 1700 724 1759 hoo
747 1699 784 1758 de
802 1717 835 1758 se
854 1698 994 1758 sacerdos
1012 1697 1129 1777 gravida

117 1787 253 1846 confessa
281 1795 340 1866 est,
363 1805 417 1846 nec
441 1805 510 1846 mox
537 1788 614 1848 lama
641 1788 801 1867 dubitarit,
828 1806 898 1847 eum
919 1786 1029 1847 Amulli
1051 1788 1129 1865 regis

117 1876 244 1954 imperio
276 1878 401 1934 iactatus
433 1878 465 1935 in
495 1877 694 1955 profluentem
726 1895 795 1936 cum
821 1875 914 1935 Remo
947 1875 1040 1936 fratre
1072 1893 1129 1935 nou

85 2042 108 2095 I
115 2046 268 2127 reeeruiope
289 2051 315 2099 et
336 2047 523 2101 emadatione
542 2052 659 2128 P·.1⁶4¹
687 2062 703 2100 e
726 2047 862 2115 quattuor
882 2044 1020 2128 gradrliue
1038 2044 1129 2116 prime

116 2116 196 2169 aetas
215 2115 410 2185 Nipperdeiue,
429 2119 508 2170 aetas
527 2117 664 2171 melincta
680 2116 833 2171 ridebitur.
850 2133 944 2195 primu
961 2118 1042 2172 aetus
1057 2117 1127 2172 Hol-

115 2223 188 2276 miae
208 2224 219 2287 1
240 2227 256 2275 2
275 2239 362 2292 prope
382 2237 473 2277 -ecoe
494 2238 635 2292 peraunoe
652 2224 687 2276 N
705 2239 794 2293 prope
813 2190 917 2280 daia·
936 2222 959 2291 (i
977 2225 1011 2277 ia
1028 2238 1045 2277 ο
1063 2229 1126 2278 mol.

115 2309 150 2346 m.
169 2294 239 2362 ead.)
262 2309 313 2362 per
333 2309 421 2348 annos
440 2293 468 2347 L
485 2309 572 2364 prope
591 2293 727 2348 duoenioe
746 2293 956 2365 quinquaginta
970 2310 1023 2363 per
1040 2310 1128 2348 annor

115 2380 167 2433 op,
186 2365 218 2417 de
235 2365 286 2419 hoo
303 2372 329 2419 et
342 2367 481 2435 proximis
497 2367 620 2419 numerio
636 2383 660 2420 o.
675 2365 788 2419 Halmii
800 2369 865 2422 edit.
880 2382 911 2436 p.
924 2364 976 2420 IV
987 2369 993 2433 1
1008 2364 1127 2419 oiroum·

116 2432 210 2502 ipsam
220 2465 226 2475 ·
236 2451 300 2487 eum
310 2435 419 2504 ipsam·
434 2451 499 2489 oum
511 2434 639 2490 finitimis
653 2438 715 2504 (om.
734 2436 844 2506 urbem)
857 2437 893 2492 N
901 2435 1007 2490 oireum
1019 2434 1129 2505 ipsam·

116 2520 180 2557 oum
198 2503 262 2572 ipsa
272 2536 277 2546 ·
288 2522 352 2559 oum
369 2505 497 2560 finitimis
511 2506 538 2560 L
556 2505 662 2561 oneum
679 2506 773 2576 ipsam
789 2509 911 2562 matrem
923 2523 989 2560 oum
1001 2505 1128 2561 fimlimir

120 2574 195 2628 Voeo.
204 2574 309 2628 circum
317 2575 411 2645 ipsam
419 2579 540 2632 matrem
549 2594 630 2631 auam
639 2595 703 2632 oum
711 2577 840 2632 finitimis
846 2579 935 2633 Paris.
942 2581 1018 2633 5802
1026 2575 1130 2631 oireum

116 2643 210 2713 ipsam
223 2645 330 2714 urbem,
348 2646 453 2700 circum
466 2650 587 2702 mairem
599 2665 664 2702 oum
677 2648 805 2704 finitimis
818 2647 939 2705 Beelaiue
950 2650 961 2715 l
974 2652 993 2701 4
1011 2664 1129 2717 sequena

116 2715 217 2796 obp-uto
231 2716 259 2769 Β
275 2718 280 2784 1
296 2722 328 2770 eo
347 2716 436 2772 latino
456 2735 510 2787 que
524 2720 559 2774 N
572 2718 752 2788 colatinoque
766 2721 794 2775 L
806 2726 816 2791 1
830 2728 847 2776 o
860 2717 990 2774 eonsules
1000 2747 1008 2761 ·
1017 2720 1129 2774 eentum

116 2803 243 2854 qumque
265 2785 272 2797 '
293 2789 325 2840 la
343 2788 424 2842 annia
438 2791 465 2844 Β
484 2793 546 2844 offis
563 2790 630 2844 ·eL·
645 2806 735 2845 unnoe
748 2792 783 2846 N
798 2791 968 2846 eonsules*
985 2788 1025 2845 oi
1042 2806 1130 2845 annor

114 2858 143 2912 L
157 2874 224 2911 cone
257 2873 287 2911 ee
301 2858 436 2913 ducentos
451 2860 660 2930 quinquaginta
672 2878 761 2916 unnoe
774 2880 816 2934 op.
831 2868 841 2932 1
854 2869 871 2916 6
884 2859 954 2916 uiris
968 2859 1028 2931 (lul).
1043 2877 1130 2987 nepae

114 2927 155 2982 rie
178 2947 212 2983 m.
237 2931 269 2999 2)
292 2931 327 2985 N
346 2929 352 3002 Ι
375 2929 694 3005 incitatissimmumlum
719 2935 813 3002 (priter
835 2950 913 2987 mum
934 2934 1054 3002 amm)
1121 2930 1131 3003 11

116 3006 132 3053 7
150 2999 215 3054 ideo
234 2999 298 3069 quie
316 3001 357 3070 01
373 3001 595 3057 adolescentiam
608 3004 635 3057 L
647 3007 658 3072 Ι
672 3010 688 3058 8
703 3034 708 3044 ·
721 3005 778 3058 eL·
794 3004 819 3060 G
828 3002 945 3059 duoeuli
956 3020 999 3074 op.
1013 3003 1025 3074 1
1038 3008 1056 3057 9
1069 3002 1131 3073 ipsa

114 3088 165 3126 om.
186 3072 213 3125 L
237 3073 242 3139 1
266 3070 399 3126 iuuentus
417 3074 445 3127 Β
466 3077 477 3142 1
501 3079 534 3127 10
553 3073 694 3142 quaedam
711 3091 763 3130 orn.
782 3077 823 3144 Β,
841 3082 909 3131 ato.
926 3076 1081 3143 Ι3,1,·7,·
1098 3078 1131 3129 8·

114 3149 208 3211 1a‚a‚·
227 3147 326 3212 23,1‚·
343 3145 442 3212 1113,
457 3149 474 3200 3
491 3147 495 3213 1
511 3144 662 3198 maurita
676 3146 776 3216 (usurae
787 3149 821 3201 a»
833 3148 899 3216 aas.)
913 3146 942 3200 n
963 3148 974 3215 1
997 3149 1031 3199 ιι
1054 3116 1131 3199 haud

114 3214 155 3266 B*
174 3215 224 3267 aut
241 3215 269 3268 L
284 3218 289 3282 1
306 3214 373 3268 anni
393 3228 461 3270 eo·
483 3215 525 3283 01
541 3221 573 3268 12
594 3215 686 3284 adque
700 3218 728 3271 Β
741 3220 752 3284 1
766 3223 800 3271 14
818 3218 963 3272 senectute
982 3217 1015 3271 ia
1032 3215 1130 3271 iuuen-

114 3285 177 3338 tute
190 3302 260 3340 corr.
275 3287 303 3339 B
321 3285 466 3340 inveniale
480 3285 622 3356 Suoppiuo
637 3289 642 3356 1
657 3287 777 3342 reuiruil
788 3289 821 3342 Β
830 3291 840 3357 1
855 3293 889 3342 15
900 3290 956 3343 iate.
970 3288 994 3342 I
1003 3289 1009 3358 1
1025 3288 1057 3342 el
1068 3293 1132 3343 ode

114 3353 163 3408 ille
181 3359 319 3423 eapuoaeit
336 3357 364 3408 L
386 3360 395 3425 1
420 3362 452 3411 16
471 3356 541 3411 hrea
561 3356 648 3412 Oreo
666 3359 688 3411 I
705 3362 715 3426 1
738 3363 771 3412 17
790 3359 934 3414 oonfeeeue
951 3360 985 3413 iia
1002 3356 1130 3413 conferre

114 3442 184 3479 corr,
204 3427 232 3479 Β
249 3428 253 3493 1
274 3426 386 3480 amullii
403 3427 528 3481 Iamuli
546 3428 580 3481 N
595 3427 695 3482 amulii
713 3429 793 3484 N'L
810 3448 835 3485 a.
856 3429 884 3486 0.
903 3431 929 3485 L
948 3429 984 3483 L.
1002 3430 1129 3495 17737,

120 3495 200 3548 VIII
206 3502 270 3564 717,
283 3499 315 3551 Χ
322 3501 399 3552 2045
412 3498 482 3552 alibi
497 3501 502 3567 1
517 3498 592 3568 regie
602 3516 652 3554 om.
665 3500 709 3568 011
725 3505 756 3554 18
771 3500 899 3555 abiectus
911 3499 980 3556 ino
988 3502 1079 3556 medio
1092 3516 1128 3554 oo

106 3582 171 3619 vere
177 3566 308 3621 abiectos
316 3567 347 3621 in
355 3569 379 3622 Ι
383 3569 418 3637 ef.
428 3568 523 3641 Quint.
531 3571 656 3640 1117,5‚·
664 3571 698 3626 de
706 3572 758 3626 νίν.
768 3573 869 3628 allawtr.
875 3577 927 3641 1,a
931 3594 943 3641 ,-
950 3570 1127 3628 Armonio
