2334 3922
501 151 526 222 1,
547 156 580 205 ra
599 154 662 221 (re).
1045 148 1087 214 33

71 327 192 380 turmae
219 319 388 396 praefectus
412 317 553 379 Obsidius
581 319 716 377 invectus
745 319 776 376 in
799 335 900 394 regem
926 315 1089 376 turbaverit
1136 341 1139 346 ·

74 503 152 576 erat,
185 496 245 555 nisi
277 494 427 574 elephanti
455 513 597 557 converso
625 497 656 554 in
686 493 887 573 spectaculum
915 492 993 554 bello
1021 512 1088 573 pro-

73 585 293 665 cucurrissent,
325 601 453 663 quorum
484 602 551 644 cum
579 583 783 661 magnitudine
810 589 875 642 tum
903 582 1126 662 deformitates

45 681 104 734 aet
136 690 213 732 novo
242 673 332 733 odore
361 672 449 733 simul
477 691 511 733 ac
539 671 666 732 stridore
696 673 878 731 consternati
905 672 988 749 equi,
1021 689 1089 731 cum

73 763 241 840 incognitas
269 761 328 822 sibi
354 761 458 822 beluas
486 760 613 840 amplius
637 779 725 838 quam
749 768 834 820 erant
858 761 1089 839 suspicarentur,

72 851 175 928 lugam
203 860 390 929 stragemque
418 849 475 910 late
506 848 660 910 dederunt.
706 851 738 908 in
761 847 864 927 Apulia
888 847 996 907 deinde
1019 854 1124 925 apute

72 938 217 999 Asculum
243 939 351 999 melius
379 939 550 999 dimicatum
578 945 624 998 est
647 937 736 997 Curio
760 936 956 1015 Fabricioque
982 954 1089 996 consu-

73 1027 161 1088 libus.
208 1029 267 1087 iam
294 1030 404 1107 quippe
431 1034 530 1087 terror
556 1026 711 1086 beluarum
736 1025 916 1105 exoleverat,
946 1033 975 1085 et
999 1024 1089 1085 Gaius

35 1131 60 1170 ιο
72 1115 231 1177 Numicius
258 1123 380 1195 quartae
408 1115 533 1194 legionis
560 1115 693 1175 hastatus
721 1116 811 1174 unius
838 1113 1014 1193 proboscide
1039 1112 1088 1173 ab·

73 1207 151 1265 scisa
180 1207 258 1265 mori
284 1223 372 1284 posse
395 1204 499 1265 beluas
523 1203 701 1264 ostenderat.
747 1205 847 1280 itaque
871 1205 903 1262 in
926 1205 1006 1281 ipsas
1029 1201 1088 1281 pila
1111 1216 1143 1264 10

72 1300 213 1371 congesta
247 1299 317 1354 sunt
348 1301 378 1353 et
411 1295 443 1352 in
475 1300 574 1353 turres
602 1291 732 1351 vibratae
762 1292 841 1351 laces
869 1298 929 1351 tota
958 1292 1089 1351 hostium

72 1384 191 1460 agmina
215 1381 388 1443 ardentibus
406 1383 503 1441 ruinis
526 1387 717 1460 operuerunt.
754 1398 810 1439 nec
830 1379 905 1439 alius
925 1379 1001 1439 cladi
1021 1380 1088 1439 linis

71 1471 127 1531 luit
161 1488 249 1549 quam
281 1489 339 1530 nox
372 1470 539 1550 dirimeret,
570 1476 800 1548 postremusque
830 1469 1007 1545 fugientium
1036 1486 1088 1528 rex

36 1574 57 1614 15
71 1561 135 1638 ipse
160 1577 177 1618 a
201 1558 378 1619 satellitibus
401 1576 505 1618 umero
529 1561 648 1619 saucius
672 1560 703 1617 in
723 1559 813 1617 armis
832 1559 895 1616 suis
914 1558 1085 1617 referretur.

70 1647 220 1708 Lucaniae
244 1665 382 1726 suprema
405 1665 503 1726 pugna
526 1646 581 1706 sub
603 1646 750 1726 Arusinis,
774 1664 848 1723 quos
872 1653 986 1726 vocant,
1010 1664 1086 1706 cam-
1108 1659 1140 1706 11

38 1892 59 1944 1
68 1888 176 1942 ferrent
195 1904 283 1943 aneae
303 1890 409 1958 (portes
426 1890 554 1944 vocabuli
571 1889 718 1943 coniunxit
735 1905 769 1941 m.
786 1889 816 1955 2)
835 1887 869 1940 N
884 1885 1046 1959 ferentanep
1060 1888 1088 1940 L

67 1960 235 2014 forentanee
257 1961 279 2014 I
301 1962 311 2030 ΙΙ
340 1965 353 2012 1
378 1956 499 2014 osiidius
523 1961 551 2015 Β
574 1958 700 2029 opsidins
724 1959 758 2012 N
781 1960 790 2027 ΙΙ
818 1956 1033 2026 icoegeritque
1056 1960 1088 2011 ivr

66 2030 249 2101 coigeretque
267 2033 385 2086 mutavit
403 2032 437 2086 N
442 2032 452 2062 ²
472 2035 476 2099 Ι
497 2031 639 2101 proiectus
658 2031 685 2083 L
705 2032 709 2097 Ι
731 2028 839 2082 fectum
858 2028 881 2082 0
901 2031 910 2096 ΙΙ
934 2033 950 2080 3
970 2026 1087 2081 elefanti

65 2103 117 2156 LI
142 2103 147 2171 Ι
173 2101 302 2155 conuersi
319 2102 353 2155 N
368 2118 432 2155 cum
449 2102 525 2156 uersi
543 2102 570 2154 L
594 2106 598 2169 Ι
625 2118 697 2171 spec.
722 2099 849 2154 taculum
868 2101 941 2168 (onte
960 2097 1086 2151 taculum

64 2190 126 2227 una
140 2174 183 2227 oei
197 2173 268 2227 duae
282 2174 334 2227 litt.
348 2174 459 2243 deletae)
472 2173 506 2228 N
517 2171 678 2243 spectaculo
688 2174 709 2225 I
721 2174 725 2242 Ι
741 2169 810 2224 belli
820 2170 846 2222 L
864 2173 867 2239 Ι
883 2167 1087 2238 procurrissent

63 2245 93 2298 L
107 2246 149 2313 ΙΙὸ
170 2242 254 2297 simul
272 2243 326 2297 hac
344 2244 371 2297 B
387 2247 391 2310 Ι
409 2242 657 2311 constemati·qui
676 2242 715 2297 G}
733 2258 796 2294 cum
814 2244 846 2295 io
864 2257 951 2308 quum
969 2242 1086 2294 mutavit

63 2315 108 2369 Β1
132 2315 143 2381 Ι
164 2320 180 2367 6
200 2313 309 2367 belluas
330 2316 462 2382 (priorem
480 2314 491 2366 l
510 2317 593 2370 erosit
610 2333 644 2368 oi.
666 2317 693 2382 1)
712 2314 759 2379 Β)
777 2313 857 2365 erant
876 2313 905 2379 (n
923 2327 1009 2378 supro
1027 2327 1085 2365 oer-

62 2403 127 2442 eum
141 2403 176 2439 m.
193 2387 219 2453 1)
233 2386 267 2439 N
276 2387 286 2454 ΙΙ
301 2390 316 2437 7
334 2385 410 2454 apud
424 2386 476 2440 LI
485 2388 494 2455 ΙΙ
508 2393 524 2440 9
538 2384 686 2439 beluarum
702 2385 790 2437 terror
804 2382 830 2434 L
846 2386 850 2448 Ι
866 2380 1086 2457 belluarumBll

66 2461 100 2511 10
120 2456 253 2509 hastatus
282 2455 311 2524 (h
333 2472 419 2526 sopra
441 2474 547 2511 versum
568 2475 603 2511 m.
623 2459 653 2525 2)
673 2456 707 2509 N
731 2455 840 2508 astutus
865 2453 892 2505 L
915 2453 1025 2506 astatus
1045 2455 1067 2507 I
1078 2452 1082 2526 Ι

62 2527 165 2597 unius]
187 2525 293 2596 primus
320 2526 480 2582 Ouweosius
502 2528 582 2582 Noct.
607 2527 682 2596 Hap.
703 2544 732 2596 p.
753 2530 807 2579 314
832 2527 835 2593 Ι
861 2523 1027 2594 proboscide
1053 2527 1085 2580 io

61 2596 246 2670 promuscide
271 2599 387 2652 mutavit
405 2598 445 2651 B*
468 2614 579 2668 promos
603 2596 685 2651 chide
703 2599 735 2650 io
752 2595 948 2665 promvsehide
967 2599 1084 2652 enotavit

62 2670 99 2724 N
103 2670 113 2700 ²
133 2668 331 2738 promoschide
349 2669 376 2722 L
393 2669 568 2739 promoscide
587 2671 609 2723 I
624 2674 628 2735 Ι
649 2667 767 2722 abscide
785 2669 816 2721 in
835 2666 947 2720 abscisa
965 2670 1084 2723 mutavit

61 2741 107 2794 B¹
121 2742 132 2810 ΙΙ
148 2745 180 2792 11
199 2738 309 2793 belluas
329 2741 461 2808 (priorem
478 2739 489 2792 l
508 2742 644 2810 ammonit
662 2746 687 2794 et
705 2740 789 2793 erasit
806 2756 840 2792 m.
856 2739 885 2807 2)
904 2739 932 2792 B
949 2740 953 2806 Ι
969 2738 1082 2792 hosten-

63 2810 305 2879 demitharum)
323 2810 351 2864 Β
370 2811 530 2865 ostenderet
547 2813 569 2865 Ι
586 2814 590 2879 Ι
611 2813 640 2864 et
658 2817 721 2864 ovete
739 2809 769 2861 in
787 2810 851 2863 odd.
874 2808 898 2863 0
907 2812 918 2872 Ι
941 2808 1018 2877 ipsos
1036 2810 1059 2862 Ι
1071 2811 1080 2879 Ι

63 2887 99 2934 12
119 2882 290 2950 congesteta
308 2881 357 2948 Nl
374 2880 450 2935 feces
469 2884 492 2951 (s
511 2884 575 2938 odd.
595 2900 629 2936 m.
650 2884 677 2950 1)
696 2882 724 2934 Β
742 2883 750 2947 ΙΙ
770 2885 803 2935 13
822 2878 957 2948 hagmine
976 2881 1006 2949 (g
1023 2895 1080 2933 cor·

61 2959 141 3008 recta
167 2969 203 3007 eir
229 2967 244 3004 c
267 2969 301 3006 m.
322 2954 349 3021 1)
368 2953 394 3005 Β
419 2954 424 3022 Ι
450 2952 532 3006 citius
561 2953 702 3022 Scioppius
729 2950 801 3005 alias
830 2951 982 3006 Sutorasius
1014 2950 1081 3002 ante

61 3021 216 3149 w„
235 3023 553 3163 tt'ltttttttt
573 3022 709 3149 titt
722 3022 948 3163 illinitilil
963 3018 1081 3144 titt

63 3167 105 3235 (id
126 3167 171 3219 est
188 3181 238 3235 per
252 3167 462 3234 suprascripsit
476 3184 509 3221 m.
525 3169 554 3235 2)
569 3167 603 3220 N
615 3166 619 3237 Ι
636 3164 767 3218 saucibus
782 3164 810 3232 (b
821 3166 897 3227 ,iuter
910 3163 1081 3216 scribendum

63 3230 142 3294 livien
164 3243 322 3292 transverso
345 3238 509 3304 transfixum
528 3244 625 3306 posteo
647 3239 731 3290 erasit
752 3254 786 3289 m.
808 3238 834 3302 1)
858 3235 885 3287 Β
910 3231 1010 3301 angius
1030 3232 1064 3285 N
1075 3232 1079 3304 Ι

64 3309 127 3364 sine
146 3309 173 3376 (e
192 3324 280 3377 supra
297 3324 402 3363 uersum
416 3326 451 3362 m.
465 3310 493 3376 2)
513 3307 598 3360 armis
613 3308 646 3360 N
656 3309 665 3375 ΙΙ
680 3312 712 3360 16
733 3305 850 3374 sybarus
865 3307 893 3372 (a
912 3308 1032 3358 correcta
1050 3321 1083 3357 cx

64 3384 91 3449 ο)
117 3377 174 3431 inis
193 3379 222 3432 B
244 3377 419 3447 sybamsinis
438 3379 479 3431 B1
503 3377 677 3432 suberusinis
697 3377 723 3429 L
747 3375 862 3444 sybaros
887 3375 937 3442 (orl
956 3374 1083 3443 subaros)

63 3451 94 3505 in
113 3449 159 3503 his
178 3450 200 3503 I
219 3448 275 3503 fuit
292 3448 421 3502 Amsinis
440 3450 623 3505 Mommseoos
645 3448 722 3518 [sub]
741 3444 869 3499 Arusinis
889 3447 1083 3514 Bostrenum,

64 3530 94 3578 at
113 3539 138 3576 o.
158 3521 181 3575 I
195 3524 307 3590 oo,27;
328 3520 406 3576 Ouid.
426 3523 496 3575 trist.
515 3522 537 3574 I
551 3525 627 3588 3,19

118 3619 205 3660 riom·
219 3620 254 3660 cd.
269 3619 295 3660 0.
310 3619 465 3659 Rossbach.
854 3611 869 3658 3
