2334 3922
282 199 473 251 vaacmrvs
492 199 638 252 331133
654 200 839 253 1333331
1008 198 1073 264 185

68 364 225 444 Tonantis,
253 372 283 424 et
309 383 325 424 a
351 365 443 424 131333
465 367 578 425 vicinas
601 363 740 444 Cycladas
760 364 890 426 salutavi.
936 365 1004 426 inde
1028 385 1075 426 me

67 453 188 514 Rhodos
211 449 234 531 †
257 459 286 512 et
309 453 345 513 ab
369 471 509 531 regressu
530 455 706 533 Aegyptium
727 454 863 535 pelagus,
886 462 919 515 ut
942 473 994 515 ora
1016 454 1076 515 Nili

67 543 200 603 viderem
220 548 249 602 31
270 542 413 620 populum
432 560 551 621 semper
568 545 600 601 in
617 542 736 621 templis
755 544 883 603 otiosum
901 547 1075 622 peregrinae

67 632 141 692 deae
165 633 253 691 sistra
272 631 446 709 pulsantem.
481 631 550 691 iude
568 649 673 692 rursus
691 631 804 691 ltaliam
823 633 907 712 redii,
930 639 960 692 et
977 632 1074 692 taedio

42 723 158 781 imaris
194 738 260 780 cum
291 719 508 780 mediterranea
540 723 760 800 concupissem,
797 729 916 782 secutus
949 719 1074 781 Gallicas

65 809 155 888 Alpes
178 808 272 869 lustro
294 808 419 888 populos
443 807 580 886 aquilone
597 809 749 889 pallentes.
785 809 855 870 inde
875 809 919 870 sol
937 809 1074 870 occidens

63 898 190 978 placuit:
209 897 295 958 ilecto
315 916 444 958 cursum.
479 904 526 957 set
544 900 642 958 statim
660 917 714 977 par
732 898 865 979 horrore,
882 917 936 977 par
954 901 1075 980 vertice,

64 1006 119 1066 par
142 986 192 1047 ille
215 985 333 1046 nivibus
356 985 470 1065 Alpinis
490 985 657 1066 Pyrenaeus
681 990 806 1065 excepit.
842 987 934 1067 vides,
957 987 1074 1068 hospeS,

65 1094 142 1155 quae
157 1077 251 1155 spatia
266 1075 340 1135 33311
353 1077 582 1156 peragraverim,
596 1094 671 1154 quae
686 1079 777 1136 maris
791 1094 902 1155 quaeve
916 1083 1073 1136 terrarum.

24 1181 51 1220 ιο
64 1183 126 1225 333
159 1163 245 1224 aliter
276 1163 475 1244 meherculeS,
507 1166 534 1223 si
566 1165 701 1225 33313333
732 1167 831 1243 parvis
863 1183 968 1243 magna
996 1165 1074 1247 licet,

64 1272 151 1314 sacer
186 1252 235 1312 ille
264 1255 384 1313 iuvenis
415 1260 511 1312 terras
542 1252 740 1334 pervolitant,
777 1256 825 1313 cui
856 1254 948 1314 Terra
980 1261 1074 1314 mater

64 1360 189 1421 capaces
208 1349 381 1402 oneraverat
399 1340 534 1419 frugibus
554 1344 687 1421 amictus,
711 1350 827 1402 etcum
846 1342 914 1403 alite
934 1349 1072 1421 serpente

63 1449 187 1492 currum
210 1433 274 1509 ipsa
292 1433 448 1510 iunxisset,
471 1432 530 1490 nisi
548 1437 610 1490 toto
629 1429 700 1491 orbe
718 1439 873 1509 peragrato
891 1433 985 1491 vetuit
1004 1450 1072 1491 suas

63 1519 166 1580 redire
185 1526 348 1597 serpentes.
381 1518 469 1579 liceat
487 1537 557 1598 ergo
576 1520 696 1579 tandem
714 1520 833 1598 fatigato
852 1520 901 1580 hic
916 1520 1072 1600 ahquando

19 1623 49 1664 15
64 1607 270 1669 subcumbere.
317 1611 343 1668 si
370 1607 493 1687 Scythes
521 1626 631 1689 essem,
659 1611 718 1668 iam
744 1608 876 1687 plaustra
903 1608 1072 1690 solvissem3

63 1699 90 1757 si
108 1715 200 1775 vagus
219 1696 407 1777 gubernator,
424 1699 484 1757 iam
502 1697 597 1757 dicata
615 1696 712 1777 pelagi
731 1697 802 1758 deae
817 1716 905 1777 prora
919 1698 1072 1777 penderet.

63 1804 218 1865 quousque
240 1782 433 1864 vagabimur?
456 1803 493 1844 au
516 1804 635 1865 semper
656 1787 789 1865 hospites
813 1784 947 1847 erimus?
992 1788 1072 1847 13333

62 1874 161 1935 cubile
192 1876 379 1954 prospiciunt
411 1881 441 1934 et
472 1892 540 1934 aves
573 1882 733 1935 senescunt
764 1878 797 1935 in
827 1875 906 1936 nido.
955 1878 982 1935 si
1013 1875 1071 1936 lata

61 1962 185 2023 Romam
203 1970 312 2041 negant
329 1965 464 2044 patriam,
483 1962 580 2023 saltim
599 1963 647 2023 hic
666 1982 785 2024 manere
805 1967 963 2042 contingat.
1000 1964 1071 2042 quid

23 2067 49 2108 so
63 2053 141 2130 quod
166 2051 420 2112 consuetudores
443 2052 529 2111 133113
554 2058 607 2112 331.
647 2058 676 2112 31
699 2070 767 2112 3333
791 2054 850 2112 iam
872 2052 1070 2113 familiaritate
1148 2129 1151 2134 Ι

62 2143 203 2201 33311333
226 2143 328 2200 civitas
352 2138 438 2200 uobis
462 2143 526 2218 ipsa
548 2139 711 2220 blanditur,
739 2159 827 2220 quae,
851 2141 950 2219 siquid
973 2141 1071 2200 credis

61 2230 135 2290 mihi
158 2232 210 2308 qui
232 2228 325 2289 multa
348 2231 480 2309 cognovi,
504 2231 635 2290 omnium
658 2247 760 2289 earum
784 2247 858 2308 quae
882 2230 917 2289 ad
940 2231 1070 2309 quietem

61 2318 212 2398 eligvmtur
244 2320 411 2396 gratissima
443 2324 497 2378 est.
548 2317 691 2397 populum
722 2318 818 2397 vides,
851 2336 868 2377 o
900 2317 1008 2396 hospes
1041 2326 1070 2379 et

135 2512 149 2560 1
174 2504 309 2560 invitavit
331 2513 394 2562 3313
416 2505 482 2560 inde
500 2507 564 2561 adol.
580 2506 817 2575 Freodeaberpios
842 2509 846 2574 Ι
869 2522 926 2574 me,
950 2509 1072 2576 3333113

60 2579 151 2633 codiee
178 2578 293 2632 (13131333
320 2594 373 2632 ease
394 2579 561 2646 putabotwr,
588 2580 684 2632 3331333
707 2576 827 2630 Rhodon
849 2576 1005 2647 8311333333
1025 2594 1071 2632 me

59 2648 175 2703 Rhodos
193 2647 296 2703 habuit
312 2647 470 2717 ingressum
483 2647 654 2718 Aegyptium
671 2647 789 2719 pelagus
804 2649 988 2704 Mommseaoa
1004 2648 1071 2704 inde

58 2736 104 2774 me
118 2719 232 2774 Rhodos
247 2721 276 2773 et
290 2720 326 2773 ab
340 2736 469 2790 regressu
477 2719 649 2789 Aegyptium
662 2718 781 2790 pelagus
796 2719 896 2773 allexit
904 2721 1071 2776 Ritscheliaa

59 2789 179 2861 pellexit
191 2790 309 2860 pelagus
324 2790 469 2860 Hauptios
482 2808 572 2860 opoac.
583 2792 700 2845 111536
713 2790 832 2860 pelagus
847 2791 966 2845 attraxit
979 2793 1071 2846 Baeh-

58 2863 177 2930 3333133,
196 2879 235 2916 aa
252 2863 281 2915 31
299 2861 336 2915 ab
354 2860 409 2915 hac
426 2878 583 2931 regressum
595 2860 767 2932 Aegyptium
782 2862 892 2932 excepit
905 2864 956 2931 (oet
968 2862 1070 2930 tenuit)

58 2931 198 3002 pelagus?
215 2934 272 2987 3131
288 2935 357 3000 forte
371 2935 459 3002 plora
473 2935 633 2987 3331133331
646 2934 684 3002 lli
705 2932 850 3002 egyptium
864 2933 884 3001 (i
897 2950 956 3002 sap.
970 2931 1071 3004 3333111

58 3009 76 3056 4
99 3002 173 3057 redii
195 3011 342 3058 3333331333
365 3020 399 3058 33
418 3003 541 3073 31311113
564 3002 653 3057 medit
676 3020 832 3058 erraneam:
861 3021 929 3058 3333.
954 3003 1070 3058 Momm·

58 3092 140 3130 33333
166 3073 401 3128 mediterraneam
425 3073 541 3144 plagam
563 3090 678 3129 noscere
701 3075 924 3144 concupiscerem
946 3075 1067 3129 Ritsehe·

59 3147 114 3201 1133
138 3149 143 3214 1
168 3145 360 3216 concupiscam
387 3162 456 3201 3333.
484 3163 518 3200 33
543 3145 737 3215 concupiscam
762 3149 766 3214 ι
792 3163 853 3198 sum
871 3152 935 3214 post
957 3147 1068 3199 secutus

58 3217 308 3272 331311111331131133
330 3218 339 3288 ll
362 3225 378 3271 6
402 3217 431 3270 et
453 3223 516 3271 3313
539 3216 627 3270 133133
650 3218 905 3272 (13111333333333
927 3232 962 3269 en
980 3216 1068 3270 lustro

57 3287 209 3356 laboriosi}
231 3292 247 3341 8
270 3287 400 3356 pireneus
422 3289 432 3357 ΙΙ
455 3292 489 3341 10
507 3303 564 3341 non
585 3287 661 3342 ultra
684 3289 867 3342 Mommeeoos
889 3289 898 3356 ΙΙ
922 3293 954 3340 11
974 3303 1069 3340 errans

56 3359 417 3428 1331331133133331331112
437 3357 519 3412 alites
541 3360 683 3428 serpentes
703 3375 784 3411 curru
805 3357 1042 3429 Freodeaberpa'uc
1060 3359 1069 3430 ll

59 3435 92 3482 15
112 3430 163 3484 sub
182 3427 282 3483 umbra
295 3430 456 3484 recumbere
471 3430 711 3499 Freodenberptos
727 3433 731 3497 Ι
747 3428 849 3482 cithes:
868 3446 936 3484 3333.
952 3429 1068 3484 11313133-

56 3517 106 3556 333
119 3504 129 3570 ΙΙ
143 3506 177 3555 16
196 3499 221 3553 31
242 3499 323 3554 navis
342 3501 574 3571 831333333122
594 3499 718 3555 omnium
736 3516 841 3554 rerum:
865 3517 933 3556 corr.
953 3501 1068 3556 Momm-

56 3589 138 3627 33333
