2370 3908
370 195 571 247 PRAEFATIO
590 195 759 247 EDITORIS
1030 194 1070 248 IX

56 363 182 440 aliisque
213 361 349 421 eiusdem
376 361 479 420 classis
507 361 592 420 libris
620 364 652 420 et
679 362 816 439 egregias
843 362 925 421 haud
955 381 1068 437 paucas

56 452 191 512 Iordanis
216 453 248 511 et
267 450 497 527 Bambergensis
519 450 663 510 lectiones
681 454 828 527 tanquam
850 452 954 510 foedas
977 451 1070 511 inter-

56 541 225 617 polationes
259 541 413 616 spernunt.
458 539 531 615 quin
565 538 657 598 ctiam
689 530 819 599 Bcckius
851 533 1068 621 (tommencat.

56 623 233 689 Woelfflin?
256 648 286 704 p.
307 619 526 709 166)·saecu10
546 628 652 704 quinto
670 630 719 690 vel
738 632 822 688 sexto
840 629 949 688 horum
967 631 1069 689 arohe-

56 723 162 796 typum
195 717 423 794 interpolatoris
456 710 528 775 ‘non
559 711 671 776 insciti'
702 737 825 776 manum
853 736 977 794 passum
1005 737 1069 779 csse

56 808 236 884 suspicatur.
282 806 408 865 candem
430 805 528 882 igitur
549 805 580 864 in
602 806 693 866 Floro
715 807 895 866 recensendo
919 808 1069 883 quaestio·

56 917 122 955 uem
149 898 251 955 ortam
280 912 344 953 esse
371 893 508 955 videmus
535 895 711 954 intricatam
738 895 823 954 illam
852 898 882 955 et
910 895 984 955 satis
1013 896 1069 955 dif-

10 976 12 1029 ἷ
56 985 163 1045 ficilem
193 1002 272 1062 quse
300 986 348 1042 tot
375 982 505 1042 aliorum
533 983 714 1060 scriptorum
737 984 827 1043 crisin
851 987 906 1044 aut
929 985 1071 1044 obscurat

10 1036 13 1141 l
56 1078 108 1134 aut
131 1072 319 1133 obscuravit.
364 1091 434 1130 nam
456 1074 493 1130 ut
510 1074 628 1131 taceam
647 1073 683 1131 de
702 1073 825 1133 famosis
844 1070 905 1133 illis
923 1073 1069 1133 Nibelun·

10 1146 13 1225 t
56 1163 151 1242 gistis
180 1161 349 1237 comnibus,
377 1160 532 1220 simillima
559 1162 606 1219 est
632 1161 933 1240 conticuissent
962 1166 994 1222 c
1017 1163 1070 1223 so-

10 1230 13 1363 :
56 1252 170 1329 procus
196 1250 381 1398 rhgcycicis
405 1249 543 1396 {rasonis
565 1249 692 1398 Βῖοῑῖηῑ
712 1249 862 1398 erogans
881 1253 1070 1400 qumanffim

57 1343 202 1401 librorum
264 1339 376 1399 aesaris
437 1357 544 1397 enecas
581 1358 597 1396 e
663 1358 754 1416 ragoe
776 1340 874 1399 iarum
911 1345 942 1400 et
972 1342 1071 1418 pio·

58 1430 179 1506 sophiae
199 1428 347 1488 librorum
363 1427 481 1486 Lucani
499 1427 628 1505 denique
647 1429 844 1506 aliorumque.
880 1447 949 1488 cum
968 1433 1071 1489 autern

58 1519 128 1578 satis
159 1518 215 1577 diu
243 1516 341 1576 critici
369 1515 423 1593 qui
450 1516 496 1574 his
525 1516 721 1592 scriptoribus
750 1536 872 1594 operam
904 1518 1018 1577 dabant
1040 1520 1071 1577 in

57 1609 129 1667 duas
156 1609 262 1686 partes
290 1605 470 1665 acerrimum
497 1605 578 1664 inter
604 1624 635 1664 se
663 1606 777 1665 bellum
810 1609 949 1684 gerentes
977 1626 1070 1666 seces·

10 1716 13 1793 ί
57 1698 172 1771 sissent,
198 1714 328 1773 quorum
347 1695 381 1752 hi
399 1713 435 1753 ex
452 1695 658 1754 vetustissimo
678 1714 798 1772 quoque
817 1696 917 1756 codice
936 1697 1070 1774 reliquos

10 1802 13 1879 j
57 1787 92 1845 cd
121 1805 220 1844 unum
249 1802 352 1844 omnes
379 1783 530 1844 derivatos
563 1802 627 1842 esse
660 1784 875 1844 contenderent
907 1804 1072 1862 eorumque

10 1886 12 1951 ᾗ
57 1875 221 1951 scripturas
257 1872 426 1949 peculiares
462 1875 499 1931 ut
530 1891 627 1932 meras
659 1873 852 1932 librariorum
884 1875 1072 1935 coniecturas

10 1976 12 1991 ¹
58 1962 241 2037 abiciendam,
273 1961 321 2019 illi
354 1960 462 2020 horum
489 1980 609 2038 quoque
639 1962 788 2021 rationem
814 1963 919 2022 baberi
948 1964 1072 2041 vellent,

58 2071 133 2111 nunc
164 2071 202 2110 eo
233 2051 297 2109 fere
320 2069 368 2108 res
391 2050 513 2111 devenit
534 2053 571 2109 ut
594 2054 683 2110 aucto
707 2050 800 2110 etiarn
822 2050 1074 2111 bibliothecarum

61 2142 171 2200 codices
197 2139 256 2199 sibi
277 2139 551 2199 transmittentium
574 2140 751 2199 commercio
780 2141 811 2199 et
833 2141 977 2199 itinerum
999 2141 1073 2197 faci-

60 2229 141 2289 litate
166 2227 346 2306 diligentius
368 2228 400 2286 in
422 2227 516 2287 libros
533 2229 714 2288 recentiores
732 2228 905 2304 inquiratur
923 2231 973 2289 vel
991 2230 1072 2287 carte

10 2342 13 2421 ᾗ
61 2319 208 2395 inquirere
238 2317 329 2375 liccat
357 2335 448 2393 quam
474 2316 605 2376 Bekkeri
634 2316 820 2375 Lachmanni
843 2315 949 2376 Orellii
972 2321 1073 2378 aetate

10 2428 13 2469 ι
61 2406 146 2467 fiebat
179 2408 236 2465 aut
268 2404 334 2464 fieri
365 2407 494 2482 poterat.
542 2425 726 2483 quamquam
758 2405 838 2463 enim
871 2425 937 2465 eam
965 2407 1073 2484 legem,

10 2536 14 2569 :
61 2515 147 2572 quem
178 2495 228 2554 iili
261 2496 450 2572 statuerunt,
481 2495 632 2553 mordicus
664 2497 767 2553 tenere
800 2494 943 2555 debemus
969 2500 1006 2556 ut
1039 2516 1075 2555 ex
1147 2493 1149 2498 ’

10 2582 14 2665 :¹
60 2585 204 2646 librorum
231 2583 506 2659 manuscriptorum
535 2583 687 2661 farragine
712 2601 792 2642 unus
821 2588 875 2644 aut
900 2586 993 2662 pauci
1020 2585 1073 2644 eli·

63 2677 171 2750 guntur
190 2673 246 2750 qui
263 2672 400 2732 bonitate
419 2675 451 2731 et
467 2676 622 2732 vetustate
642 2672 750 2732 ceteris
767 2677 923 2748 praestent
942 2678 972 2733 ct
998 2693 1073 2751 quos

59 2768 203 2840 tanquam
226 2761 377 2837 principes
401 2764 432 2820 et
455 2762 669 2839 antesignanos
687 2762 719 2820 in
738 2762 918 2839 scriptorum
937 2765 1073 2823 oratione

60 2849 270 2912 constituenda
297 2850 385 2927 sequi
406 2869 527 2909 necesse
551 2851 600 2928 sic,
631 2854 732 2910 tamen
756 2869 859 2910 eorum
884 2852 1020 2911 socordia
1043 2855 1074 2911 et

10 2862 14 3017 l
60 2940 165 3000 inertia
199 2939 325 3000 vitanda
354 2942 400 2998 est
428 2939 481 3015 qui
508 2939 642 3016 reliquos
671 2958 773 2999 omnes
802 2940 919 3000 codices
948 2961 983 3000 ex
1011 2940 1074 2998 illis

10 3020 13 3075 l
61 3030 179 3089 fluxisse
216 3030 272 3087 aut
308 3022 511 3104 ‘impudenter
546 3023 757 3105 interpolatos'
795 3047 859 3089 esse
892 3049 926 3089 eo
960 3029 1074 3087 maiore

10 3144 12 3157 =
61 3117 169 3178 fidncia
194 3118 411 3194 clamantque
435 3117 592 3192 pauciores
616 3137 652 3176 ex
675 3117 712 3175 iis
731 3122 945 3196 cognoverunt.
976 3135 1074 3193 neque

10 3218 12 3223 '
62 3227 126 3267 vcro
151 3225 204 3266 cos
228 3205 322 3265 libros
345 3205 411 3265 dico
436 3207 488 3282 qui
507 3206 635 3265 saeculis
655 3205 769 3266 decimo
789 3210 897 3285 quarto
918 3209 949 3265 et
967 3206 1074 3283 quinto

10 3294 12 3369 ζ
62 3288 230 3357 ‘Italorum'
258 3313 366 3354 manus
394 3295 610 3355 emendatrices
639 3297 670 3354 et
692 3294 934 3372 interpolatrices
958 3295 1075 3371 experti

62 3389 135 3465 sunt,
166 3385 221 3445 sed
249 3385 355 3444 extant
377 3384 459 3442 haud
481 3403 550 3443 raro
574 3386 756 3460 scriptorum
777 3383 875 3442 medio
899 3402 973 3444 aevo
996 3384 1075 3444 mul-

10 3462 12 3485 '
63 3478 122 3534 tum
150 3476 304 3535 lectorum
335 3476 457 3548 praeter
488 3472 581 3532 libros
612 3472 772 3551 primarios
805 3473 934 3534 saeculis
967 3477 1076 3534 oetam

64 3582 153 3639 usque
177 3563 216 3621 ad
239 3561 384 3618 decimum
404 3562 542 3637 primurn
573 3567 717 3628 exaratos
742 3565 801 3628 alii
823 3564 959 3628 saeuum
979 3562 1101 3625 subruis
