2334 3922
105 185 172 250 216

124 347 223 416 fiigam
238 345 331 399 Crassi
340 343 439 398 Parthi
453 343 526 397 ferro
541 360 585 397 oc-

56 467 61 473 .
125 419 231 487 cupant
241 422 301 485 112,
312 422 336 469 6.
351 416 370 469 f.
381 415 586 486 ergastulorum

124 490 235 542 recocto
263 487 374 558 gladios
400 485 455 540 sibi
478 486 587 540 iaciunt

126 559 256 631 Spartaci
274 558 379 612 milites
400 562 459 625 128,
474 562 490 609 8

108 631 243 685 fictilia
257 647 308 684 sua
323 628 421 683 Curius
433 627 586 699 Samnitico

126 702 250 772 praefert
268 718 336 755 auro
355 706 447 769 35,17

109 773 225 828 Fidem
248 772 327 843 pacis
351 788 385 825 ac
406 770 477 824 belli
495 771 588 823 Numa

127 845 275 899 colendam
293 844 344 896 dat
363 848 404 911 10,
421 849 436 894 2

109 916 272 996 Fidenae,
287 914 422 984 oppidum
430 913 588 982 Etruscum,

127 988 588 1111 bibitigsnierirliiniisaeevirlsioiris

129 1145 210 1183 omen
229 1133 301 1196 22,2

110 1199 279 1253 Fidenate
295 1199 371 1253 bello
385 1198 490 1253 Albani
503 1196 590 1252 medii

128 1270 202 1325 inter
230 1271 299 1324 duos
329 1272 478 1340 expectant
502 1269 589 1323 fortu-

128 1359 195 1395 nam
214 1348 289 1410 11‚4

111 1413 139 1468 C.
159 1413 311 1466 Fimbria
329 1412 359 1466 in
377 1412 527 1482 penatibus
542 1412 590 1464 do-

128 1502 190 1537 mus
213 1501 281 1538 suae
298 1484 457 1538 trucidatus
477 1488 541 1551 131,
557 1486 590 1535 18

111 1555 248 1609 fistulis
268 1555 396 1624 abruptis
410 1553 546 1623 Apuleius
560 1553 591 1606 in

129 1624 271 1695 Capitolio
291 1626 421 1679 obsessus
441 1630 550 1693 120,17

111 1695 275 1749 flamines
299 1698 364 1765 post
387 1695 497 1748 cladem
516 1695 591 1764 apud

130 1766 237 1820 Alliam
255 1766 469 1836 religiosissima
486 1765 592 1834 partim

129 1838 293 1907 recondunt,
305 1836 410 1907 partim
419 1836 503 1890 Veios
515 1836 591 1890 aufe-

130 1912 288 1976 11111211,
317 1908 336 1963 f.
356 1907 446 1962 Dialis
467 1906 591 1961 aMario

131 1997 230 2034 caesus
240 1979 315 2035 Iovis
330 1979 425 2034 oculos
441 1995 591 2033 01101010-

131 2052 239 2176 spargit
258 2057 318 2121 131,
333 2057 366 2105 22

114 2124 136 2176 F
159 2123 331 2177 amininns
349 2141 375 2177 1.
397 2121 544 2187 Quinctius

114 2194 143 2249 C.
172 2194 364 2249 Flaminius
392 2197 458 2263 (cos.
485 2198 536 2247 223
565 2195 594 2246 01

131 2271 194 2335 217)
219 2266 254 2320 de
276 2265 424 2334 torquibus
448 2263 594 2319 Gallorum

132 2353 248 2391 aureum
266 2337 327 2393 1011
344 2340 492 2406 tropaeum
510 2335 595 2404 erigit

132 2414 178 2476 50,
204 2415 245 2462 11.
288 2409 325 2463 ad
352 2408 595 2476 Thrasymennum

132 2478 226 2532 lacum
250 2480 286 2532 ab
309 2479 469 2533 Hannibale
495 2495 593 2532 caesus

133 2554 175 2617 53,
192 2555 225 2601 re

117 2619 168 2673 sub
193 2619 223 2674 T.
247 2619 368 2674 Flavio
395 2620 594 2674 Domitiano

133 2689 259 2760 principe
280 2690 356 2744 Flori
380 2694 522 2745 certamen
540 2691 594 2745 Ro-

134 2777 197 2815 mae
217 2765 339 2830 183,13.
376 2761 458 2816 Floro
478 2762 594 2832 resistit,

134 2850 169 2887 ne
187 2831 284 2887 Africa
307 2849 438 2886 coronam
456 2833 530 2887 Iovis
553 2835 594 2886 at-

133 2904 257 2975 tingeret
275 2910 336 2973 183,
352 2909 385 2956 16

116 2976 232 3030 flexus
248 2975 371 3030 siderum
380 2973 410 3027 in
420 2990 514 3027 annua
525 2974 597 3028 caeli

135 3047 315 3102 conversione
334 3049 443 3114 155,17

117 3118 309 3187 Florentia,
333 3115 517 3186 municipium
540 3116 596 3168 lta-

136 3189 192 3243 liae
222 3188 492 3260 splendidissimnm‚
521 3186 596 3241 bello

137 3260 214 3315 civili
225 3260 340 3330 Syllano
353 3261 405 3314 sub
415 3260 498 3313 hasta
507 3258 598 3312 veniit

120 3376 241 3456 Flor’us
266 3403 317 3456 sub
337 3401 500 3456 Domitiano
522 3400 598 3471 prin·

140 3472 201 3512 cine
229 3476 371 3527 certamen
395 3473 471 3526 subit
493 3473 598 3526 Romae

235 3548 267 3598 ’1.
310 3560 344 3598 ex
366 3544 463 3597 Africa
491 3560 598 3597 summo

553 188 668 239 INDEX

658 360 794 397 consensu
826 344 955 413 poscitur
989 351 1056 415 183,
1084 353 1121 402 11,

658 414 762 468 Caesar
779 433 836 468 non
854 415 881 469 01
900 433 990 486 puero
1007 416 1120 486 invidet,

658 487 708 540 sed
730 503 788 540 non
810 486 873 539 vult
895 486 1028 542 Africam
1051 507 1120 543 coro-

657 573 724 611 nam
751 557 848 626 magni
875 557 952 612 Iovis
982 559 1118 630 attingere

660 634 773 698 183,16.
802 628 851 680 diu
871 633 1001 684 moratur
1020 631 1118 701 inpro-

658 699 753 754 vincia
781 699 988 756 Tarraconensi
1018 707 1080 773 184,
1097 709 1116 757 3.

660 771 719 824 eius
743 787 839 824 versus
863 771 893 824 in
912 774 984 827 urbe
1005 789 1023 826 a
1040 774 1116 828 lecto-

659 841 736 895 ribus
752 841 939 896 concinuntur
955 849 1017 913 184,
1027 850 1051 899 4.
1076 863 1116 915 pa-

659 913 732 966 triae
764 915 793 966 01
829 917 982 983 parentum
1020 916 1115 970 oblitus

659 986 780 1054 vagatur
796 1001 846 1053 per
860 984 975 1040 diversa
988 989 1116 1041 terrarum

662 1059 722 1123 184,
733 1060 775 1110 22,
804 1055 864 1109 cius
883 1055 989 1110 itinera
1009 1063 1112 1126 184,26.

661 1126 737 1194 quod
756 1125 782 1179 01
800 1127 862 1180 fata
878 1127 1000 1183 Romam
1020 1132 1116 1199 negant

660 1197 797 1266 patriam,
825 1197 986 1254 Tarracone
1014 1216 1118 1254 manere

661 1268 724 1321 vult
739 1273 798 1336 185,
810 1274 851 1322 18.
877 1273 990 1338 patrem
1004 1271 1117 1342 peregri-

660 1339 777 1393 natione
800 1338 918 1393 offendit
937 1344 966 1395 01
985 1342 1017 1395 in
1034 1343 1118 1396 reditu

661 1410 959 1481 habetprofessionem
967 1413 1119 1467 litterarum

663 1486 781 1551 186,16,
813 1481 902 1536 bonos
922 1500 1015 1538 mores
1034 1487 1062 1539 et
1079 1483 1118 1537 lit·

662 1555 737 1607 teras
756 1552 838 1606 docet
857 1558 968 1621 187,17

645 1624 733 1678 focis
748 1624 806 1677 suis
821 1640 854 1677 ac
868 1624 978 1679 laribus
994 1627 1120 1680 exulabat

645 1695 1119 1836 011111111118111

663 1837 783 1891 turionis
803 1837 906 1892 Moesis
930 1841 1068 1894 terrorem
1086 1840 1121 1893 in-

664 1909 846 1977 unciariae

646 1980 809 2034 fomentis
829 1979 964 2034 Catonem
988 1981 1122 2035 moribun-

666 2052 733 2105 dum
774 2051 836 2104 ausi
876 2051 987 2107 violare
1027 2052 1123 2107 medici

666 2128 725 2191 150,
742 2128 775 2175 11

647 2193 662 2246 1
664 2211 723 2248 ons
741 2192 899 2247 celebratus
913 2194 1073 2249 Arethusae
1088 2201 1123 2262 57,

667 2271 708 2318 15.
722 2281 830 2318 101010
838 2264 930 2319 fontes
938 2265 1123 2336 miscetAqui·

665 2336 721 2389 lius
736 2340 778 2404 85,
790 2342 831 2390 20.
861 2335 962 2390 Cilicia
981 2337 1046 2392 fons
1062 2337 1124 2392 belli

665 2406 779 2477 piratici
799 2413 858 2475 103,
873 2413 889 2460 a

648 2477 804 2532 Formiae
824 2477 997 2548 Campaniae
1011 2480 1080 2534 urbs
1094 2479 1123 2534 ad

666 2566 743 2603 mare
761 2549 817 2602 sita
832 2555 909 2618 29,1.
944 2567 993 2604 eas
1012 2551 1123 2621 popula·

665 2622 712 2673 tur
731 2620 757 2674 S.
774 2619 923 2690 Pompeius
944 2627 1057 2690 161,17

648 2691 804 2745 Fortuna
834 2693 863 2745 01
889 2691 988 2746 Virtus
1017 2697 1124 2748 conten-

667 2763 743 2816 disse
767 2763 804 2815 ad
829 2762 1061 2818 constituendum
1083 2766 1138 2834 in·-

667 2832 777 2904 perium
808 2833 968 2887 Romanum
1000 2835 1126 2891 videntur

669 2911 693 2974 5,
709 2911 733 2958 9.
770 2904 875 2958 Albani
893 2904 1033 2960 Fidenate
1058 2907 1125 2962 bello

667 2976 687 3031 f.
703 2977 852 3045 expectant
867 2981 909 3044 11,
921 2982 944 3031 6.
975 2978 1038 3031 eius
1054 2981 1125 3034 aestu

669 3051 698 3101 et
720 3049 843 3101 torrente
867 3047 993 3101 Africam
1020 3053 1125 3104 secutae

669 3120 767 3189 gentes
792 3124 839 3186 62,
859 3122 884 3173 8.
927 3118 963 3172 de
991 3120 1126 3175 industris

669 3207 750 3243 casus
766 3189 944 3258 adgubernat
957 3190 976 3244 f.
989 3196 1085 3260 64,13.
1109 3190 1124 3244 f.

671 3261 792 3314 amissae
811 3260 1013 3315 conscientiam
1030 3263 1126 3318 retinet

671 3332 768 3386 Perses
788 3337 829 3399 71,
844 3336 868 3385 8.
904 3331 1010 3386 Paulus
1030 3334 1126 3388 liberos

671 3403 812 3470 admonet,
831 3402 859 3468 1.,
879 3402 925 3455 cui
938 3404 1054 3459 tantum
1067 3405 1126 3458 lice-

670 3477 725 3544 ret,
747 3475 1065 3543 101010101111171,13.
1100 3474 1126 3526 F.

670 3544 803 3615 Pompeio
823 3561 872 3598 suo
888 3545 973 3598 decus
989 3548 1018 3599 et
1032 3562 1127 3601 nomen
