<?xml version="1.0" encoding="UTF-8"?>
<!DOCTYPE html PUBLIC "-//W3C//DTD XHTML 1.0 Transitional//EN"
    "http://www.w3.org/TR/xhtml1/DTD/xhtml1-transitional.dtd">
<html xmlns="http://www.w3.org/1999/xhtml" xml:lang="en" lang="en">
 <head>
  <title>
</title>
<meta http-equiv="Content-Type" content="text/html;charset=utf-8" />
  <meta name='ocr-system' content='tesseract 3.04.00' />
  <meta name='ocr-capabilities' content='ocr_page ocr_carea ocr_par ocr_line ocrx_word'/>
</head>
<body>
  <div class='ocr_page' id='page_1' title='image "./lannaeifloriepi04florgoog_0034.png"; bbox 0 0 2334 3922; ppageno 0'>
   <div class='ocr_carea' id='block_1_1' title="bbox 337 143 1040 197">
    <p class='ocr_par' dir='ltr' id='par_1_1' title="bbox 337 143 1040 197">
     <span class='ocr_line' id='line_1_1' title="bbox 337 143 1040 197; baseline 0 -1"><span class='ocrx_word' id='word_1_1' title='bbox 337 145 537 196; x_wconf 79' lang='lat' dir='ltr'>PRAEFATIO</span> <span class='ocrx_word' id='word_1_2' title='bbox 556 145 728 197; x_wconf 81' lang='lat' dir='ltr'>EDITORIS</span> <span class='ocrx_word' id='word_1_3' title='bbox 950 143 1040 196; x_wconf 87' lang='lat' dir='ltr'>XXIX</span> 
     </span>
    </p>
   </div>
   <div class='ocr_carea' id='block_1_2' title="bbox 10 311 1050 2785">
    <p class='ocr_par' dir='ltr' id='par_1_2' title="bbox 10 311 1046 2081">
     <span class='ocr_line' id='line_1_2' title="bbox 16 311 1040 392; baseline -0.005 -15"><span class='ocrx_word' id='word_1_4' title='bbox 16 337 106 377; x_wconf 89' lang='lat' dir='ltr'><strong>orum</strong></span> <span class='ocrx_word' id='word_1_5' title='bbox 130 313 233 392; x_wconf 87' lang='lat' dir='ltr'><strong>gentis</strong></span> <span class='ocrx_word' id='word_1_6' title='bbox 257 312 432 372; x_wconf 89' lang='lat' dir='ltr'><strong>recordatus</strong></span> <span class='ocrx_word' id='word_1_7' title='bbox 456 311 635 389; x_wconf 85' lang='lat' dir='ltr'><strong>Hieronymi</strong></span> <span class='ocrx_word' id='word_1_8' title='bbox 662 312 819 390; x_wconf 78' lang='lat' dir='ltr'><strong>chronica,</strong></span> <span class='ocrx_word' id='word_1_9' title='bbox 858 312 1040 389; x_wconf 77' lang='lat' dir='ltr'><strong>quibuscum</strong></span> 
     </span>
     <span class='ocr_line' id='line_1_3' title="bbox 18 402 1040 483; baseline -0.004 -19"><span class='ocrx_word' id='word_1_10' title='bbox 18 407 154 483; x_wconf 88' lang='lat' dir='ltr'><strong>primum</strong></span> <span class='ocrx_word' id='word_1_11' title='bbox 184 402 378 461; x_wconf 89' lang='lat' dir='ltr'><strong>enuntiatum</strong></span> <span class='ocrx_word' id='word_1_12' title='bbox 405 404 527 478; x_wconf 89' lang='lat' dir='ltr'><strong>praeter</strong></span> <span class='ocrx_word' id='word_1_13' title='bbox 554 403 730 478; x_wconf 88' lang='lat' dir='ltr'><strong>corruptum</strong></span> <span class='ocrx_word' id='word_1_14' title='bbox 758 402 829 460; x_wconf 89' lang='lat' dir='ltr'><strong>anui</strong></span> <span class='ocrx_word' id='word_1_15' title='bbox 850 403 933 460; x_wconf 90' lang='lat' dir='ltr'><strong><em>IIII</em></strong></span> <span class='ocrx_word' id='word_1_16' title='bbox 952 404 1040 477; x_wconf 72' lang='grc'><strong>31331-</strong></span> 
     </span>
     <span class='ocr_line' id='line_1_4' title="bbox 14 490 1040 570; baseline -0.004 -17"><span class='ocrx_word' id='word_1_17' title='bbox 14 496 120 570; x_wconf 78' lang='lat' dir='ltr'><strong>piadis</strong></span> <span class='ocrx_word' id='word_1_18' title='bbox 151 491 259 550; x_wconf 73' lang='lat' dir='ltr'><strong>ccxl</strong></span> <span class='ocrx_word' id='word_1_19' title='bbox 286 509 446 549; x_wconf 89' lang='lat' dir='ltr'><strong>numerum</strong></span> <span class='ocrx_word' id='word_1_20' title='bbox 474 508 639 566; x_wconf 80' lang='lat' dir='ltr'><strong>congruere</strong></span> <span class='ocrx_word' id='word_1_21' title='bbox 671 491 732 549; x_wconf 90' lang='lat' dir='ltr'><strong>iam</strong></span> <span class='ocrx_word' id='word_1_22' title='bbox 761 490 926 549; x_wconf 82' lang='lat' dir='ltr'><strong>Salmasius</strong></span> <span class='ocrx_word' id='word_1_23' title='bbox 953 492 1040 568; x_wconf 84' lang='lat' dir='ltr'><strong>vidit,</strong></span> 
     </span>
     <span class='ocr_line' id='line_1_5' title="bbox 21 579 1039 643; baseline -0.004 0"><span class='ocrx_word' id='word_1_24' title='bbox 21 585 69 643; x_wconf 82' lang='lat' dir='ltr'><strong>vel</strong></span> <span class='ocrx_word' id='word_1_25' title='bbox 101 601 213 641; x_wconf 91' lang='lat' dir='ltr'><strong>eorum</strong></span> <span class='ocrx_word' id='word_1_26' title='bbox 245 580 377 639; x_wconf 88' lang='lat' dir='ltr'><strong>auctoris</strong></span> <span class='ocrx_word' id='word_1_27' title='bbox 412 579 551 639; x_wconf 82' lang='lat' dir='ltr'><strong>Suetonii</strong></span> <span class='ocrx_word' id='word_1_28' title='bbox 585 579 724 638; x_wconf 89' lang='lat' dir='ltr'><strong>libellum</strong></span> <span class='ocrx_word' id='word_1_29' title='bbox 761 580 797 638; x_wconf 89' lang='lat' dir='ltr'><strong>de</strong></span> <span class='ocrx_word' id='word_1_30' title='bbox 834 579 887 638; x_wconf 87' lang='lat' dir='ltr'><strong>vir.</strong></span> <span class='ocrx_word' id='word_1_31' title='bbox 921 580 1039 639; x_wconf 89' lang='lat' dir='ltr'><strong>inlustr.</strong></span> 
     </span>
     <span class='ocr_line' id='line_1_6' title="bbox 23 660 1041 754; baseline -0.005 -21"><span class='ocrx_word' id='word_1_32' title='bbox 23 665 64 754; x_wconf 88' lang='lat' dir='ltr'><strong>(p.</strong></span> <span class='ocrx_word' id='word_1_33' title='bbox 84 675 127 733; x_wconf 81' lang='lat'><strong>97</strong></span> <span class='ocrx_word' id='word_1_34' title='bbox 156 671 203 729; x_wconf 91' lang='lat' dir='ltr'><strong>ed.</strong></span> <span class='ocrx_word' id='word_1_35' title='bbox 222 660 450 748; x_wconf 87' lang='lat' dir='ltr'><strong>Reifferscheid)</strong></span> <span class='ocrx_word' id='word_1_36' title='bbox 475 669 645 744; x_wconf 80' lang='lat' dir='ltr'><strong>evolvisset,</strong></span> <span class='ocrx_word' id='word_1_37' title='bbox 668 668 744 728; x_wconf 91' lang='lat' dir='ltr'><strong>duos</strong></span> <span class='ocrx_word' id='word_1_38' title='bbox 766 668 876 727; x_wconf 86' lang='lat' dir='ltr'><strong>Lucios</strong></span> <span class='ocrx_word' id='word_1_39' title='bbox 900 671 1041 728; x_wconf 78' lang='lat' dir='ltr'><strong>Annaeus</strong></span> 
     </span>
     <span class='ocr_line' id='line_1_7' title="bbox 24 757 1043 837; baseline -0.006 -17"><span class='ocrx_word' id='word_1_40' title='bbox 24 761 156 837; x_wconf 87' lang='lat' dir='ltr'><strong>invenit,</strong></span> <span class='ocrx_word' id='word_1_41' title='bbox 188 777 318 836; x_wconf 90' lang='lat' dir='ltr'><strong>quorum</strong></span> <span class='ocrx_word' id='word_1_42' title='bbox 346 757 472 816; x_wconf 89' lang='lat' dir='ltr'><strong>alterius</strong></span> <span class='ocrx_word' id='word_1_43' title='bbox 495 757 596 816; x_wconf 89' lang='lat' dir='ltr'><strong>utrius</strong></span> <span class='ocrx_word' id='word_1_44' title='bbox 618 758 731 816; x_wconf 91' lang='lat' dir='ltr'><strong>librum</strong></span> <span class='ocrx_word' id='word_1_45' title='bbox 755 775 819 816; x_wconf 92' lang='lat' dir='ltr'><strong>esse</strong></span> <span class='ocrx_word' id='word_1_46' title='bbox 841 776 1043 834; x_wconf 88' lang='lat' dir='ltr'><strong>praepropere</strong></span> 
     </span>
     <span class='ocr_line' id='line_1_8' title="bbox 26 846 1042 923; baseline -0.007 -12"><span class='ocrx_word' id='word_1_47' title='bbox 26 849 205 911; x_wconf 82' lang='lat' dir='ltr'><strong>coniciebat.</strong></span> <span class='ocrx_word' id='word_1_48' title='bbox 239 866 354 905; x_wconf 91' lang='lat' dir='ltr'><strong>memor</strong></span> <span class='ocrx_word' id='word_1_49' title='bbox 376 852 478 906; x_wconf 87' lang='lat' dir='ltr'><strong>tamen</strong></span> <span class='ocrx_word' id='word_1_50' title='bbox 501 846 548 904; x_wconf 93' lang='lat' dir='ltr'><strong>his</strong></span> <span class='ocrx_word' id='word_1_51' title='bbox 571 846 655 905; x_wconf 87' lang='lat' dir='ltr'><strong>Flori</strong></span> <span class='ocrx_word' id='word_1_52' title='bbox 677 865 842 923; x_wconf 84' lang='lat' dir='ltr'><strong>cognomen</strong></span> <span class='ocrx_word' id='word_1_53' title='bbox 865 867 925 904; x_wconf 93' lang='lat' dir='ltr'><strong>non</strong></span> <span class='ocrx_word' id='word_1_54' title='bbox 947 846 1042 904; x_wconf 87' lang='lat' dir='ltr'><strong>fuisse</strong></span> 
     </span>
     <span class='ocr_line' id='line_1_9' title="bbox 27 934 1043 1016; baseline -0.005 -18"><span class='ocrx_word' id='word_1_55' title='bbox 27 941 87 1016; x_wconf 87' lang='lat' dir='ltr'><strong>ipse</strong></span> <span class='ocrx_word' id='word_1_56' title='bbox 116 938 222 996; x_wconf 90' lang='lat' dir='ltr'><strong>minus</strong></span> <span class='ocrx_word' id='word_1_57' title='bbox 250 939 364 994; x_wconf 88' lang='lat' dir='ltr'><strong>certam</strong></span> <span class='ocrx_word' id='word_1_58' title='bbox 391 934 595 994; x_wconf 89' lang='lat' dir='ltr'><strong>coniecturam</strong></span> <span class='ocrx_word' id='word_1_59' title='bbox 622 954 709 993; x_wconf 90' lang='lat' dir='ltr'><strong>suam</strong></span> <span class='ocrx_word' id='word_1_60' title='bbox 737 953 801 994; x_wconf 88' lang='lat' dir='ltr'><strong>esse</strong></span> <span class='ocrx_word' id='word_1_61' title='bbox 825 935 976 994; x_wconf 71' lang='lat' dir='ltr'><strong>intellexit</strong></span> <span class='ocrx_word' id='word_1_62' title='bbox 999 967 1043 975; x_wconf 92' lang='lat'><strong>—</strong></span> 
     </span>
     <span class='ocr_line' id='line_1_10' title="bbox 28 1024 1042 1101; baseline -0.004 -15"><span class='ocrx_word' id='word_1_63' title='bbox 28 1030 69 1088; x_wconf 84' lang='lat' dir='ltr'><strong>ita</strong></span> <span class='ocrx_word' id='word_1_64' title='bbox 95 1027 181 1086; x_wconf 91' lang='lat' dir='ltr'><strong>enim</strong></span> <span class='ocrx_word' id='word_1_65' title='bbox 208 1024 301 1086; x_wconf 86' lang='lat' dir='ltr'><strong>verba</strong></span> <span class='ocrx_word' id='word_1_66' title='bbox 329 1025 393 1083; x_wconf 90' lang='lat' dir='ltr'><strong>eius</strong></span> <span class='ocrx_word' id='word_1_67' title='bbox 421 1024 563 1085; x_wconf 86' lang='lat' dir='ltr'><strong>videntur</strong></span> <span class='ocrx_word' id='word_1_68' title='bbox 590 1024 817 1101; x_wconf 82' lang='lat' dir='ltr'><strong>interpretanda</strong></span> <span class='ocrx_word' id='word_1_69' title='bbox 843 1057 881 1064; x_wconf 96' lang='lat'><strong>—</strong></span> <span class='ocrx_word' id='word_1_70' title='bbox 907 1027 938 1083; x_wconf 92' lang='lat' dir='ltr'><strong>et</strong></span> <span class='ocrx_word' id='word_1_71' title='bbox 968 1024 1042 1082; x_wconf 89' lang='lat' dir='ltr'><strong>satis</strong></span> 
     </span>
     <span class='ocr_line' id='line_1_11' title="bbox 30 1113 1042 1191; baseline -0.004 -15"><span class='ocrx_word' id='word_1_72' title='bbox 30 1118 135 1176; x_wconf 83' lang='lat' dir='ltr'><strong>babuit</strong></span> <span class='ocrx_word' id='word_1_73' title='bbox 158 1115 338 1191; x_wconf 79' lang='lat' dir='ltr'><strong>scriptorem</strong></span> <span class='ocrx_word' id='word_1_74' title='bbox 361 1113 486 1172; x_wconf 91' lang='lat' dir='ltr'><strong>summis</strong></span> <span class='ocrx_word' id='word_1_75' title='bbox 509 1113 651 1172; x_wconf 89' lang='lat' dir='ltr'><strong>laudibus</strong></span> <span class='ocrx_word' id='word_1_76' title='bbox 675 1113 787 1172; x_wconf 87' lang='lat' dir='ltr'><strong>efferre.</strong></span> <span class='ocrx_word' id='word_1_77' title='bbox 835 1131 910 1189; x_wconf 90' lang='lat' dir='ltr'><strong>quae</strong></span> <span class='ocrx_word' id='word_1_78' title='bbox 937 1113 1042 1172; x_wconf 90' lang='lat' dir='ltr'><strong>laudes</strong></span> 
     </span>
     <span class='ocr_line' id='line_1_12' title="bbox 30 1202 1043 1279; baseline -0.005 -14"><span class='ocrx_word' id='word_1_79' title='bbox 30 1205 249 1265; x_wconf 87' lang='lat' dir='ltr'><strong>tumidissimae</strong></span> <span class='ocrx_word' id='word_1_80' title='bbox 273 1202 401 1262; x_wconf 90' lang='lat' dir='ltr'><strong>rhetoris</strong></span> <span class='ocrx_word' id='word_1_81' title='bbox 424 1203 474 1262; x_wconf 86' lang='lat' dir='ltr'><strong>vel</strong></span> <span class='ocrx_word' id='word_1_82' title='bbox 497 1202 687 1279; x_wconf 86' lang='lat' dir='ltr'><strong>grammatici</strong></span> <span class='ocrx_word' id='word_1_83' title='bbox 706 1202 834 1261; x_wconf 87' lang='lat' dir='ltr'><strong>alicuius</strong></span> <span class='ocrx_word' id='word_1_84' title='bbox 853 1202 1043 1261; x_wconf 91' lang='lat' dir='ltr'><strong>hauddubie</strong></span> 
     </span>
     <span class='ocr_line' id='line_1_13' title="bbox 31 1290 1044 1372; baseline -0.006 -18"><span class='ocrx_word' id='word_1_85' title='bbox 31 1299 106 1372; x_wconf 78' lang='lat' dir='ltr'><strong>sunt,</strong></span> <span class='ocrx_word' id='word_1_86' title='bbox 135 1313 199 1352; x_wconf 92' lang='lat' dir='ltr'><strong>uon</strong></span> <span class='ocrx_word' id='word_1_87' title='bbox 221 1291 351 1350; x_wconf 90' lang='lat' dir='ltr'><strong>hominis</strong></span> <span class='ocrx_word' id='word_1_88' title='bbox 375 1290 546 1351; x_wconf 80' lang='lat' dir='ltr'><strong>Christiani.</strong></span> <span class='ocrx_word' id='word_1_89' title='bbox 592 1309 662 1349; x_wconf 91' lang='lat' dir='ltr'><strong>nam</strong></span> <span class='ocrx_word' id='word_1_90' title='bbox 686 1291 828 1350; x_wconf 85' lang='lat' dir='ltr'><strong>ecclesiae</strong></span> <span class='ocrx_word' id='word_1_91' title='bbox 851 1297 954 1367; x_wconf 90' lang='lat' dir='ltr'><strong>patres</strong></span> <span class='ocrx_word' id='word_1_92' title='bbox 977 1310 1044 1349; x_wconf 85' lang='lat' dir='ltr'><strong>eam</strong></span> 
     </span>
     <span class='ocr_line' id='line_1_14' title="bbox 31 1379 1044 1458; baseline -0.006 -15"><span class='ocrx_word' id='word_1_93' title='bbox 31 1385 178 1444; x_wconf 89' lang='lat' dir='ltr'><strong>rationem</strong></span> <span class='ocrx_word' id='word_1_94' title='bbox 203 1399 263 1458; x_wconf 89' lang='lat' dir='ltr'><strong>qua</strong></span> <span class='ocrx_word' id='word_1_95' title='bbox 280 1381 388 1440; x_wconf 81' lang='lat' dir='ltr'><strong>Florus</strong></span> <span class='ocrx_word' id='word_1_96' title='bbox 411 1380 570 1439; x_wconf 87' lang='lat' dir='ltr'><strong>historiam</strong></span> <span class='ocrx_word' id='word_1_97' title='bbox 591 1381 727 1439; x_wconf 86' lang='lat' dir='ltr'><strong>narravit</strong></span> <span class='ocrx_word' id='word_1_98' title='bbox 748 1381 837 1440; x_wconf 87' lang='lat' dir='ltr'><strong>valde</strong></span> <span class='ocrx_word' id='word_1_99' title='bbox 859 1379 1044 1456; x_wconf 86' lang='lat' dir='ltr'><strong>improbasse</strong></span> 
     </span>
     <span class='ocr_line' id='line_1_15' title="bbox 33 1464 1045 1550; baseline -0.005 -19"><span class='ocrx_word' id='word_1_100' title='bbox 33 1464 243 1550; x_wconf 67' lang='lat' dir='ltr'><strong>notnmest1).</strong></span> <span class='ocrx_word' id='word_1_101' title='bbox 279 1473 437 1546; x_wconf 86' lang='lat' dir='ltr'><strong>praeterea</strong></span> <span class='ocrx_word' id='word_1_102' title='bbox 457 1469 554 1528; x_wconf 86' lang='lat' dir='ltr'><strong>editor</strong></span> <span class='ocrx_word' id='word_1_103' title='bbox 572 1467 761 1528; x_wconf 80' lang='lat' dir='ltr'><strong>Christianus</strong></span> <span class='ocrx_word' id='word_1_104' title='bbox 779 1470 831 1529; x_wconf 82' lang='lat' dir='ltr'><strong>vix</strong></span> <span class='ocrx_word' id='word_1_105' title='bbox 849 1468 1045 1527; x_wconf 87' lang='lat' dir='ltr'><strong>abstinuisset</strong></span> 
     </span>
     <span class='ocr_line' id='line_1_16' title="bbox 35 1558 1046 1633; baseline -0.005 -13"><span class='ocrx_word' id='word_1_106' title='bbox 35 1562 68 1620; x_wconf 83' lang='lat' dir='ltr'><strong>ab</strong></span> <span class='ocrx_word' id='word_1_107' title='bbox 86 1561 286 1620; x_wconf 86' lang='lat' dir='ltr'><strong>Annaeorum</strong></span> <span class='ocrx_word' id='word_1_108' title='bbox 303 1558 444 1617; x_wconf 88' lang='lat' dir='ltr'><strong>laudibus</strong></span> <span class='ocrx_word' id='word_1_109' title='bbox 464 1560 495 1616; x_wconf 93' lang='lat' dir='ltr'><strong>et</strong></span> <span class='ocrx_word' id='word_1_110' title='bbox 513 1559 795 1618; x_wconf 86' lang='lat' dir='ltr'><strong>commemoratione</strong></span> <span class='ocrx_word' id='word_1_111' title='bbox 815 1558 965 1616; x_wconf 90' lang='lat' dir='ltr'><strong>amicitiae</strong></span> <span class='ocrx_word' id='word_1_112' title='bbox 985 1576 1046 1633; x_wconf 88' lang='lat' dir='ltr'><strong>qua</strong></span> 
     </span>
     <span class='ocr_line' id='line_1_17' title="bbox 35 1646 1046 1725; baseline -0.006 -15"><span class='ocrx_word' id='word_1_113' title='bbox 35 1650 145 1710; x_wconf 87' lang='lat' dir='ltr'><strong>Paulus</strong></span> <span class='ocrx_word' id='word_1_114' title='bbox 175 1647 333 1725; x_wconf 87' lang='lat' dir='ltr'><strong>apostolus</strong></span> <span class='ocrx_word' id='word_1_115' title='bbox 361 1652 392 1706; x_wconf 88' lang='lat' dir='ltr'><strong>et</strong></span> <span class='ocrx_word' id='word_1_116' title='bbox 418 1648 561 1706; x_wconf 83' lang='lat' dir='ltr'><strong>Annaeus</strong></span> <span class='ocrx_word' id='word_1_117' title='bbox 585 1647 699 1706; x_wconf 80' lang='lat' dir='ltr'><strong>Seneca</strong></span> <span class='ocrx_word' id='word_1_118' title='bbox 727 1647 879 1705; x_wconf 88' lang='lat' dir='ltr'><strong>coniuncti</strong></span> <span class='ocrx_word' id='word_1_119' title='bbox 908 1646 1046 1724; x_wconf 83' lang='lat' dir='ltr'><strong>fuissent,</strong></span> 
     </span>
     <span class='ocr_line' id='line_1_18' title="bbox 37 1736 1046 1813; baseline -0.006 -14"><span class='ocrx_word' id='word_1_120' title='bbox 37 1741 110 1799; x_wconf 89' lang='lat' dir='ltr'><strong>sicut</strong></span> <span class='ocrx_word' id='word_1_121' title='bbox 138 1738 165 1796; x_wconf 91' lang='lat' dir='ltr'><strong>is</strong></span> <span class='ocrx_word' id='word_1_122' title='bbox 194 1737 269 1795; x_wconf 83' lang='lat' dir='ltr'><strong>fecit</strong></span> <span class='ocrx_word' id='word_1_123' title='bbox 295 1736 349 1813; x_wconf 90' lang='lat' dir='ltr'><strong>qui</strong></span> <span class='ocrx_word' id='word_1_124' title='bbox 372 1736 502 1796; x_wconf 82' lang='lat' dir='ltr'><strong>Senecae</strong></span> <span class='ocrx_word' id='word_1_125' title='bbox 530 1736 702 1813; x_wconf 91' lang='lat' dir='ltr'><strong>philosophi</strong></span> <span class='ocrx_word' id='word_1_126' title='bbox 726 1736 926 1812; x_wconf 91' lang='lat' dir='ltr'><strong>epistularum</strong></span> <span class='ocrx_word' id='word_1_127' title='bbox 948 1754 1046 1794; x_wconf 85' lang='lat' dir='ltr'><strong>mora-</strong></span> 
     </span>
     <span class='ocr_line' id='line_1_19' title="bbox 10 1824 1046 1903; baseline -0.006 -15"><span class='ocrx_word' id='word_1_128' title='bbox 10 1880 13 1889; x_wconf 88' lang='lat'>.</span> <span class='ocrx_word' id='word_1_129' title='bbox 36 1828 106 1887; x_wconf 88' lang='lat' dir='ltr'><strong>lium</strong></span> <span class='ocrx_word' id='word_1_130' title='bbox 129 1830 162 1886; x_wconf 91' lang='lat' dir='ltr'><strong>et</strong></span> <span class='ocrx_word' id='word_1_131' title='bbox 186 1826 376 1903; x_wconf 84' lang='lat' dir='ltr'><strong>dialogorum</strong></span> <span class='ocrx_word' id='word_1_132' title='bbox 399 1825 569 1902; x_wconf 83' lang='lat' dir='ltr'><strong>archetypis</strong></span> <span class='ocrx_word' id='word_1_133' title='bbox 587 1825 677 1883; x_wconf 92' lang='lat' dir='ltr'><strong>Pauli</strong></span> <span class='ocrx_word' id='word_1_134' title='bbox 700 1828 731 1884; x_wconf 91' lang='lat' dir='ltr'><strong>et</strong></span> <span class='ocrx_word' id='word_1_135' title='bbox 751 1824 880 1884; x_wconf 81' lang='lat' dir='ltr'><strong>Senecae</strong></span> <span class='ocrx_word' id='word_1_136' title='bbox 899 1825 1046 1901; x_wconf 88' lang='lat' dir='ltr'><strong>epistulas</strong></span> 
     </span>
     <span class='ocr_line' id='line_1_20' title="bbox 10 1913 1046 1990; baseline -0.002 -16"><span class='ocrx_word' id='word_1_137' title='bbox 10 1918 13 1931; x_wconf 94' lang='lat'>&#39;</span> <span class='ocrx_word' id='word_1_138' title='bbox 39 1916 157 1977; x_wconf 86' lang='lat' dir='ltr'><strong>ficticias</strong></span> <span class='ocrx_word' id='word_1_139' title='bbox 191 1919 222 1974; x_wconf 91' lang='lat' dir='ltr'><strong>et</strong></span> <span class='ocrx_word' id='word_1_140' title='bbox 253 1914 344 1973; x_wconf 89' lang='lat' dir='ltr'><strong>huius</strong></span> <span class='ocrx_word' id='word_1_141' title='bbox 374 1915 469 1975; x_wconf 82' lang='lat' dir='ltr'><strong>vitam</strong></span> <span class='ocrx_word' id='word_1_142' title='bbox 497 1934 534 1973; x_wconf 85' lang='lat' dir='ltr'><strong>ex</strong></span> <span class='ocrx_word' id='word_1_143' title='bbox 561 1914 739 1990; x_wconf 82' lang='lat' dir='ltr'><strong>Hieronymi</strong></span> <span class='ocrx_word' id='word_1_144' title='bbox 764 1914 838 1974; x_wconf 84' lang='lat' dir='ltr'><strong>viris</strong></span> <span class='ocrx_word' id='word_1_145' title='bbox 866 1913 1046 1973; x_wconf 88' lang='lat' dir='ltr'><strong>inlustribus</strong></span> 
     </span>
     <span class='ocr_line' id='line_1_21' title="bbox 40 2002 350 2081; baseline -0.006 -16"><span class='ocrx_word' id='word_1_146' title='bbox 40 2007 161 2081; x_wconf 84' lang='lat' dir='ltr'><strong>petitam</strong></span> <span class='ocrx_word' id='word_1_147' title='bbox 184 2002 350 2081; x_wconf 88' lang='lat' dir='ltr'><strong>praemisit.</strong></span> 
     </span>
    </p>

    <p class='ocr_par' dir='ltr' id='par_1_3' title="bbox 44 2091 1050 2785">
     <span class='ocr_line' id='line_1_22' title="bbox 99 2091 1048 2169; baseline -0.004 -16"><span class='ocrx_word' id='word_1_148' title='bbox 99 2095 165 2154; x_wconf 86' lang='lat' dir='ltr'><strong>Iam</strong></span> <span class='ocrx_word' id='word_1_149' title='bbox 192 2111 265 2153; x_wconf 89' lang='lat' dir='ltr'><strong>vero</strong></span> <span class='ocrx_word' id='word_1_150' title='bbox 296 2092 453 2151; x_wconf 88' lang='lat' dir='ltr'><strong>redeamus</strong></span> <span class='ocrx_word' id='word_1_151' title='bbox 477 2093 514 2151; x_wconf 89' lang='lat' dir='ltr'><strong>ad</strong></span> <span class='ocrx_word' id='word_1_152' title='bbox 538 2092 673 2168; x_wconf 89' lang='lat' dir='ltr'><strong>capitum</strong></span> <span class='ocrx_word' id='word_1_153' title='bbox 695 2093 914 2169; x_wconf 83' lang='lat' dir='ltr'><strong>inscriptiones</strong></span> <span class='ocrx_word' id='word_1_154' title='bbox 959 2091 1048 2149; x_wconf 91' lang='lat' dir='ltr'><strong>facile</strong></span> 
     </span>
     <span class='ocr_line' id='line_1_23' title="bbox 44 2179 1047 2258; baseline -0.003 -18"><span class='ocrx_word' id='word_1_155' title='bbox 44 2185 116 2241; x_wconf 87' lang='lat' dir='ltr'><strong>enim</strong></span> <span class='ocrx_word' id='word_1_156' title='bbox 138 2202 174 2241; x_wconf 85' lang='lat' dir='ltr'><strong>ex</strong></span> <span class='ocrx_word' id='word_1_157' title='bbox 195 2182 234 2240; x_wconf 91' lang='lat' dir='ltr'><strong>iis</strong></span> <span class='ocrx_word' id='word_1_158' title='bbox 257 2181 454 2258; x_wconf 81' lang='lat' dir='ltr'><strong>intellegitur,</strong></span> <span class='ocrx_word' id='word_1_159' title='bbox 478 2200 539 2258; x_wconf 90' lang='lat' dir='ltr'><strong>qua</strong></span> <span class='ocrx_word' id='word_1_160' title='bbox 557 2181 594 2239; x_wconf 94' lang='lat' dir='ltr'><strong>de</strong></span> <span class='ocrx_word' id='word_1_161' title='bbox 612 2201 644 2240; x_wconf 89' lang='lat' dir='ltr'><strong>re</strong></span> <span class='ocrx_word' id='word_1_162' title='bbox 664 2181 762 2240; x_wconf 90' lang='lat' dir='ltr'><strong>adhuc</strong></span> <span class='ocrx_word' id='word_1_163' title='bbox 780 2182 818 2240; x_wconf 98' lang='grc'><strong>113</strong></span> <span class='ocrx_word' id='word_1_164' title='bbox 838 2184 891 2257; x_wconf 80' lang='lat' dir='ltr'><strong>est,</strong></span> <span class='ocrx_word' id='word_1_165' title='bbox 916 2179 1047 2239; x_wconf 88' lang='lat' dir='ltr'><strong>codicem</strong></span> 
     </span>
     <span class='ocr_line' id='line_1_24' title="bbox 46 2269 1048 2346; baseline 0 -20"><span class='ocrx_word' id='word_1_166' title='bbox 46 2271 65 2326; x_wconf 76' lang='lat' dir='ltr'><strong>s</strong></span> <span class='ocrx_word' id='word_1_167' title='bbox 93 2272 217 2331; x_wconf 88' lang='lat' dir='ltr'><strong>alterius</strong></span> <span class='ocrx_word' id='word_1_168' title='bbox 246 2271 427 2329; x_wconf 89' lang='lat' dir='ltr'><strong>recensionis</strong></span> <span class='ocrx_word' id='word_1_169' title='bbox 454 2270 539 2329; x_wconf 90' lang='lat' dir='ltr'><strong>libris</strong></span> <span class='ocrx_word' id='word_1_170' title='bbox 568 2273 599 2329; x_wconf 93' lang='lat' dir='ltr'><strong>et</strong></span> <span class='ocrx_word' id='word_1_171' title='bbox 621 2273 775 2346; x_wconf 88' lang='lat' dir='ltr'><strong>praestare</strong></span> <span class='ocrx_word' id='word_1_172' title='bbox 799 2273 830 2328; x_wconf 88' lang='lat' dir='ltr'><strong>et</strong></span> <span class='ocrx_word' id='word_1_173' title='bbox 852 2269 1048 2346; x_wconf 82' lang='lat' dir='ltr'><strong>integriorem</strong></span> 
     </span>
     <span class='ocr_line' id='line_1_25' title="bbox 47 2357 1049 2438; baseline 0 -21"><span class='ocrx_word' id='word_1_174' title='bbox 47 2377 114 2438; x_wconf 79' lang='lat' dir='ltr'><strong>esse,</strong></span> <span class='ocrx_word' id='word_1_175' title='bbox 142 2380 212 2420; x_wconf 91' lang='lat' dir='ltr'><strong>cum</strong></span> <span class='ocrx_word' id='word_1_176' title='bbox 240 2360 337 2418; x_wconf 88' lang='lat' dir='ltr'><strong>multo</strong></span> <span class='ocrx_word' id='word_1_177' title='bbox 365 2359 514 2436; x_wconf 92' lang='lat' dir='ltr'><strong>pleniores</strong></span> <span class='ocrx_word' id='word_1_178' title='bbox 538 2363 569 2418; x_wconf 90' lang='lat' dir='ltr'><strong>et</strong></span> <span class='ocrx_word' id='word_1_179' title='bbox 593 2359 810 2417; x_wconf 82' lang='lat' dir='ltr'><strong>emendatiores</strong></span> <span class='ocrx_word' id='word_1_180' title='bbox 832 2357 963 2417; x_wconf 88' lang='lat' dir='ltr'><strong>traditae</strong></span> <span class='ocrx_word' id='word_1_181' title='bbox 987 2358 1049 2417; x_wconf 90' lang='lat' dir='ltr'><strong>sint</strong></span> 
     </span>
     <span class='ocr_line' id='line_1_26' title="bbox 50 2439 1047 2529; baseline -0.002 -20"><span class='ocrx_word' id='word_1_182' title='bbox 50 2469 127 2524; x_wconf 86' lang='lat' dir='ltr'><strong>quam</strong></span> <span class='ocrx_word' id='word_1_183' title='bbox 149 2451 182 2508; x_wconf 90' lang='lat' dir='ltr'><strong>in</strong></span> <span class='ocrx_word' id='word_1_184' title='bbox 204 2449 276 2508; x_wconf 91' lang='lat' dir='ltr'><strong>illis.</strong></span> <span class='ocrx_word' id='word_1_185' title='bbox 314 2449 415 2507; x_wconf 91' lang='lat' dir='ltr'><strong>omisit</strong></span> <span class='ocrx_word' id='word_1_186' title='bbox 438 2452 541 2507; x_wconf 90' lang='lat' dir='ltr'><strong>autem</strong></span> <span class='ocrx_word' id='word_1_187' title='bbox 564 2447 586 2507; x_wconf 83' lang='lat' dir='ltr'>C</span> <span class='ocrx_word' id='word_1_188' title='bbox 609 2467 669 2506; x_wconf 89' lang='lat' dir='ltr'><strong>uon</strong></span> <span class='ocrx_word' id='word_1_189' title='bbox 692 2449 791 2506; x_wconf 90' lang='lat' dir='ltr'><strong>solum</strong></span> <span class='ocrx_word' id='word_1_190' title='bbox 813 2447 960 2523; x_wconf 87' lang='lat' dir='ltr'><strong>plurimas</strong></span> <span class='ocrx_word' id='word_1_191' title='bbox 983 2439 1047 2529; x_wconf 87' lang='lat'><strong>(11</strong></span> 
     </span>
     <span class='ocr_line' id='line_1_27' title="bbox 51 2537 1050 2611; baseline 0.003 -18"><span class='ocrx_word' id='word_1_192' title='bbox 51 2539 202 2598; x_wconf 81' lang='grc'><strong>31133313</strong></span> <span class='ocrx_word' id='word_1_193' title='bbox 231 2541 360 2610; x_wconf 72' lang='lat' dir='ltr'><strong>immoror</strong></span> <span class='ocrx_word' id='word_1_194' title='bbox 386 2555 487 2611; x_wconf 79' lang='lat' dir='ltr'><strong>repam</strong></span> <span class='ocrx_word' id='word_1_195' title='bbox 509 2542 629 2611; x_wconf 81' lang='lat' dir='ltr'><strong>septem,</strong></span> <span class='ocrx_word' id='word_1_196' title='bbox 652 2537 683 2594; x_wconf 93' lang='grc' dir='ltr'><strong>ΙΙ</strong></span> <span class='ocrx_word' id='word_1_197' title='bbox 708 2539 838 2596; x_wconf 81' lang='grc'><strong>22-34</strong></span> <span class='ocrx_word' id='word_1_198' title='bbox 863 2538 968 2596; x_wconf 83' lang='lat' dir='ltr'><strong>bellom</strong></span> <span class='ocrx_word' id='word_1_199' title='bbox 990 2537 1050 2596; x_wconf 89' lang='lat' dir='ltr'><strong>No-</strong></span> 
     </span>
     <span class='ocr_line' id='line_1_28' title="bbox 51 2627 1049 2700; baseline 0 -15"><span class='ocrx_word' id='word_1_200' title='bbox 51 2628 141 2696; x_wconf 79' lang='lat' dir='ltr'><strong>n&#39;cma,</strong></span> <span class='ocrx_word' id='word_1_201' title='bbox 175 2629 199 2688; x_wconf 89' lang='lat' dir='ltr'><strong>b.</strong></span> <span class='ocrx_word' id='word_1_202' title='bbox 224 2627 392 2700; x_wconf 67' lang='lat' dir='ltr'><strong>murteum,</strong></span> <span class='ocrx_word' id='word_1_203' title='bbox 425 2629 450 2685; x_wconf 82' lang='lat' dir='ltr'><strong>b.</strong></span> <span class='ocrx_word' id='word_1_204' title='bbox 473 2627 688 2695; x_wconf 86' lang='grc' dir='ltr'><strong>Ρ3333313333,</strong></span> <span class='ocrx_word' id='word_1_205' title='bbox 728 2627 753 2685; x_wconf 83' lang='lat' dir='ltr'><strong>b.</strong></span> <span class='ocrx_word' id='word_1_206' title='bbox 776 2627 990 2694; x_wconf 76' lang='lat' dir='ltr'><strong>Dalmaticum,</strong></span> <span class='ocrx_word' id='word_1_207' title='bbox 1024 2628 1049 2686; x_wconf 83' lang='lat' dir='ltr'><strong>b.</strong></span> 
     </span>
     <span class='ocr_line' id='line_1_29' title="bbox 53 2714 1050 2785; baseline 0.003 -13"><span class='ocrx_word' id='word_1_208' title='bbox 53 2714 207 2784; x_wconf 81' lang='grc'><strong>1133313133,</strong></span> <span class='ocrx_word' id='word_1_209' title='bbox 240 2716 265 2774; x_wconf 84' lang='lat' dir='ltr'><strong>b.</strong></span> <span class='ocrx_word' id='word_1_210' title='bbox 291 2715 474 2783; x_wconf 79' lang='lat' dir='ltr'><strong>Thracicum,</strong></span> <span class='ocrx_word' id='word_1_211' title='bbox 506 2718 531 2774; x_wconf 86' lang='lat' dir='ltr'><strong>b.</strong></span> <span class='ocrx_word' id='word_1_212' title='bbox 554 2717 707 2783; x_wconf 79' lang='lat' dir='ltr'><strong>Dacicum,</strong></span> <span class='ocrx_word' id='word_1_213' title='bbox 741 2717 765 2775; x_wconf 88' lang='lat' dir='ltr'><strong>b.</strong></span> <span class='ocrx_word' id='word_1_214' title='bbox 789 2716 993 2785; x_wconf 80' lang='lat' dir='ltr'><strong>Sarmaticum,</strong></span> <span class='ocrx_word' id='word_1_215' title='bbox 1024 2718 1050 2775; x_wconf 86' lang='lat' dir='ltr'><strong>b.</strong></span> 
     </span>
    </p>
   </div>
   <div class='ocr_carea' id='block_1_3' title="bbox 56 2859 251 2872">
    <p class='ocr_par' dir='ltr' id='par_1_4' title="bbox 56 2859 251 2872">
     <span class='ocr_line' id='line_1_30' title="bbox 56 2859 251 2872; baseline 0.005 -4"><span class='ocrx_word' id='word_1_216' title='bbox 56 2859 251 2872; x_wconf 41' lang='grc' dir='ltr'><strong>Ἢ.-</strong></span> 
     </span>
    </p>
   </div>
   <div class='ocr_carea' id='block_1_4' title="bbox 10 2954 1052 3458">
    <p class='ocr_par' dir='ltr' id='par_1_5' title="bbox 110 2954 1050 3026">
     <span class='ocr_line' id='line_1_31' title="bbox 110 2954 1050 3026; baseline -0.001 -17"><span class='ocrx_word' id='word_1_217' title='bbox 110 2960 135 3026; x_wconf 91' lang='grc'><strong>1)</strong></span> <span class='ocrx_word' id='word_1_218' title='bbox 155 2956 192 3010; x_wconf 93' lang='lat' dir='ltr'><strong>ad</strong></span> <span class='ocrx_word' id='word_1_219' title='bbox 210 2955 288 3010; x_wconf 84' lang='lat' dir='ltr'><strong>Flori</strong></span> <span class='ocrx_word' id='word_1_220' title='bbox 306 2957 394 3010; x_wconf 86' lang='lat' dir='ltr'><strong>verba</strong></span> <span class='ocrx_word' id='word_1_221' title='bbox 412 2956 447 3010; x_wconf 89' lang='lat' dir='ltr'><strong>de</strong></span> <span class='ocrx_word' id='word_1_222' title='bbox 466 2955 541 3009; x_wconf 86' lang='lat' dir='ltr'><strong>bello</strong></span> <span class='ocrx_word' id='word_1_223' title='bbox 559 2954 665 3009; x_wconf 90' lang='lat' dir='ltr'><strong>Punico</strong></span> <span class='ocrx_word' id='word_1_224' title='bbox 684 2956 807 3010; x_wconf 87' lang='lat' dir='ltr'><strong>secundo</strong></span> <span class='ocrx_word' id='word_1_225' title='bbox 826 2956 839 3009; x_wconf 93' lang='grc' dir='ltr'>Ι</span> <span class='ocrx_word' id='word_1_226' title='bbox 858 2962 929 3025; x_wconf 71' lang='lat' dir='ltr'><strong>nal</strong></span> <span class='ocrx_word' id='word_1_227' title='bbox 954 2956 1050 3025; x_wconf 84' lang='lat' dir='ltr'><strong>Augu-</strong></span> 
     </span>
    </p>

    <p class='ocr_par' dir='ltr' id='par_1_6' title="bbox 10 3024 1052 3458">
     <span class='ocr_line' id='line_1_32' title="bbox 28 3024 1051 3107; baseline 0.001 -28"><span class='ocrx_word' id='word_1_228' title='bbox 28 3040 34 3107; x_wconf 59' lang='grc'><strong>1</strong></span> <span class='ocrx_word' id='word_1_229' title='bbox 59 3024 129 3081; x_wconf 77' lang='lat' dir='ltr'><strong>dinus</strong></span> <span class='ocrx_word' id='word_1_230' title='bbox 153 3028 188 3082; x_wconf 88' lang='lat' dir='ltr'><strong>de</strong></span> <span class='ocrx_word' id='word_1_231' title='bbox 213 3027 266 3082; x_wconf 88' lang='lat' dir='ltr'><strong>civ.</strong></span> <span class='ocrx_word' id='word_1_232' title='bbox 286 3026 333 3081; x_wconf 89' lang='lat' dir='ltr'><strong>dei</strong></span> <span class='ocrx_word' id='word_1_233' title='bbox 351 3027 390 3080; x_wconf 86' lang='grc' dir='ltr'><strong>ΠΙ</strong></span> <span class='ocrx_word' id='word_1_234' title='bbox 409 3033 442 3080; x_wconf 86' lang='grc'><strong>19</strong></span> <span class='ocrx_word' id='word_1_235' title='bbox 466 3029 563 3096; x_wconf 87' lang='lat' dir='ltr'><strong>aperte</strong></span> <span class='ocrx_word' id='word_1_236' title='bbox 586 3026 715 3080; x_wconf 85' lang='lat' dir='ltr'><strong>alludens</strong></span> <span class='ocrx_word' id='word_1_237' title='bbox 739 3027 829 3082; x_wconf 86' lang='lat' dir='ltr'><strong>dixit:</strong></span> <span class='ocrx_word' id='word_1_238' title='bbox 861 3061 895 3067; x_wconf 98' lang='lat'><em>-</em></span> <span class='ocrx_word' id='word_1_239' title='bbox 913 3060 948 3068; x_wconf 90' lang='lat'>-</span> <span class='ocrx_word' id='word_1_240' title='bbox 969 3060 1000 3067; x_wconf 93' lang='lat'>-</span> <span class='ocrx_word' id='word_1_241' title='bbox 1019 3033 1051 3080; x_wconf 89' lang='grc'><strong>31</strong></span> 
     </span>
     <span class='ocr_line' id='line_1_33' title="bbox 10 3093 1052 3169; baseline 0 -19"><span class='ocrx_word' id='word_1_242' title='bbox 10 3134 12 3159; x_wconf 78' lang='lat'>;</span> <span class='ocrx_word' id='word_1_243' title='bbox 59 3093 89 3150; x_wconf 81' lang='grc'><strong>111</strong></span> <span class='ocrx_word' id='word_1_244' title='bbox 103 3117 204 3169; x_wconf 70' lang='lat' dir='ltr'><strong>guoque</strong></span> <span class='ocrx_word' id='word_1_245' title='bbox 226 3100 377 3166; x_wconf 70' lang='lat' dir='ltr'><strong>fatentibus</strong></span> <span class='ocrx_word' id='word_1_246' title='bbox 395 3101 443 3168; x_wconf 77' lang='lat' dir='ltr'><strong>qm</strong></span> <span class='ocrx_word' id='word_1_247' title='bbox 460 3116 517 3153; x_wconf 88' lang='grc'><strong>333</strong></span> <span class='ocrx_word' id='word_1_248' title='bbox 536 3105 593 3154; x_wconf 82' lang='lat' dir='ltr'><strong>tum</strong></span> <span class='ocrx_word' id='word_1_249' title='bbox 609 3117 726 3154; x_wconf 84' lang='grc'><strong>3333333</strong></span> <span class='ocrx_word' id='word_1_250' title='bbox 745 3101 815 3153; x_wconf 84' lang='lat' dir='ltr'><strong>bellu</strong></span> <span class='ocrx_word' id='word_1_251' title='bbox 828 3099 957 3154; x_wconf 80' lang='grc'><strong>11331333</strong></span> <span class='ocrx_word' id='word_1_252' title='bbox 971 3115 1052 3168; x_wconf 74' lang='lat' dir='ltr'><strong>quam</strong></span> 
     </span>
     <span class='ocr_line' id='line_1_34' title="bbox 10 3163 1052 3247; baseline -0.003 -22"><span class='ocrx_word' id='word_1_253' title='bbox 10 3172 36 3247; x_wconf 66' lang='lat' dir='ltr'><strong>[l</strong></span> <span class='ocrx_word' id='word_1_254' title='bbox 62 3163 196 3225; x_wconf 77' lang='grc'><strong>1113133333</strong></span> <span class='ocrx_word' id='word_1_255' title='bbox 222 3171 368 3238; x_wconf 77' lang='lat' dir='ltr'><strong>imperium</strong></span> <span class='ocrx_word' id='word_1_256' title='bbox 397 3171 511 3224; x_wconf 85' lang='grc'><strong>1331333</strong></span> <span class='ocrx_word' id='word_1_257' title='bbox 532 3172 712 3225; x_wconf 82' lang='grc'><strong>133111333331</strong></span> <span class='ocrx_word' id='word_1_258' title='bbox 733 3172 850 3225; x_wconf 76' lang='lat' dir='ltr'><strong>similior</strong></span> <span class='ocrx_word' id='word_1_259' title='bbox 875 3173 944 3224; x_wconf 84' lang='grc'><strong>31313</strong></span> <span class='ocrx_word' id='word_1_260' title='bbox 966 3170 1052 3235; x_wconf 78' lang='lat' dir='ltr'><strong>faerit</strong></span> 
     </span>
     <span class='ocr_line' id='line_1_35' title="bbox 10 3235 1052 3313; baseline 0.002 -22"><span class='ocrx_word' id='word_1_261' title='bbox 10 3250 37 3313; x_wconf 35' lang='lat' dir='ltr'><strong>‚j</strong></span> <span class='ocrx_word' id='word_1_262' title='bbox 62 3235 93 3291; x_wconf 82' lang='grc'><strong>113</strong></span> <span class='ocrx_word' id='word_1_263' title='bbox 140 3243 243 3296; x_wconf 82' lang='grc'><strong>131311.</strong></span> <span class='ocrx_word' id='word_1_264' title='bbox 275 3239 404 3295; x_wconf 92' lang='lat' dir='ltr'><strong>Orosium</strong></span> <span class='ocrx_word' id='word_1_265' title='bbox 418 3241 455 3294; x_wconf 90' lang='lat' dir='ltr'><strong>ad</strong></span> <span class='ocrx_word' id='word_1_266' title='bbox 468 3240 544 3309; x_wconf 90' lang='lat' dir='ltr'><strong>ipsos</strong></span> <span class='ocrx_word' id='word_1_267' title='bbox 559 3243 748 3296; x_wconf 79' lang='lat' dir='ltr'><strong>historicorum</strong></span> <span class='ocrx_word' id='word_1_268' title='bbox 762 3244 905 3312; x_wconf 75' lang='lat' dir='ltr'><strong>prutilium</strong></span> <span class='ocrx_word' id='word_1_269' title='bbox 918 3239 1052 3293; x_wconf 84' lang='lat' dir='ltr'><strong>maxime-</strong></span> 
     </span>
     <span class='ocr_line' id='line_1_36' title="bbox 33 3260 1051 3381; baseline 0.002 -18"><span class='ocrx_word' id='word_1_270' title='bbox 33 3324 37 3379; x_wconf 71' lang='grc'><strong>1</strong></span> <span class='ocrx_word' id='word_1_271' title='bbox 63 3260 188 3372; x_wconf 62' lang='lat' dir='ltr'><strong>quellori</strong></span> <span class='ocrx_word' id='word_1_272' title='bbox 208 3311 324 3381; x_wconf 87' lang='lat' dir='ltr'><strong>eiusque</strong></span> <span class='ocrx_word' id='word_1_273' title='bbox 348 3314 494 3366; x_wconf 90' lang='lat' dir='ltr'><strong>auctorum</strong></span> <span class='ocrx_word' id='word_1_274' title='bbox 517 3329 622 3367; x_wconf 88' lang='lat' dir='ltr'><strong>errores</strong></span> <span class='ocrx_word' id='word_1_275' title='bbox 647 3312 815 3367; x_wconf 86' lang='lat' dir='ltr'><strong>refellendos</strong></span> <span class='ocrx_word' id='word_1_276' title='bbox 834 3310 967 3364; x_wconf 90' lang='lat' dir='ltr'><strong>historias</strong></span> <span class='ocrx_word' id='word_1_277' title='bbox 987 3328 1051 3365; x_wconf 90' lang='lat' dir='ltr'><strong>suas</strong></span> 
     </span>
     <span class='ocr_line' id='line_1_37' title="bbox 10 3382 1051 3458; baseline -0.002 -18"><span class='ocrx_word' id='word_1_278' title='bbox 10 3424 15 3440; x_wconf 50' lang='lat' dir='ltr'><strong>i</strong></span> <span class='ocrx_word' id='word_1_279' title='bbox 34 3388 38 3413; x_wconf 84' lang='lat'>¹</span> <span class='ocrx_word' id='word_1_280' title='bbox 65 3385 230 3458; x_wconf 69' lang='grc'><strong>1011133111333</strong></span> <span class='ocrx_word' id='word_1_281' title='bbox 254 3383 399 3453; x_wconf 87' lang='lat' dir='ltr'><strong>inscriptio</strong></span> <span class='ocrx_word' id='word_1_282' title='bbox 424 3400 520 3437; x_wconf 91' lang='lat' dir='ltr'><strong>earum</strong></span> <span class='ocrx_word' id='word_1_283' title='bbox 548 3386 577 3438; x_wconf 88' lang='lat' dir='ltr'><strong>et</strong></span> <span class='ocrx_word' id='word_1_284' title='bbox 600 3384 716 3451; x_wconf 86' lang='lat' dir='ltr'><strong>quaevis</strong></span> <span class='ocrx_word' id='word_1_285' title='bbox 739 3383 846 3453; x_wconf 87' lang='lat' dir='ltr'><strong>pagina</strong></span> <span class='ocrx_word' id='word_1_286' title='bbox 869 3382 1051 3438; x_wconf 85' lang='lat' dir='ltr'><strong>demonstrat.</strong></span> 
     </span>
    </p>
   </div>
   <div class='ocr_carea' id='block_1_5' title="bbox 10 3443 1053 3608">
    <p class='ocr_par' dir='ltr' id='par_1_7' title="bbox 10 3443 1053 3608">
     <span class='ocr_line' id='line_1_38' title="bbox 64 3443 1053 3539; baseline 0.002 -31.896"><span class='ocrx_word' id='word_1_287' title='bbox 64 3443 242 3539; x_wconf 72' lang='lat' dir='ltr'><strong>Hieronymum</strong></span> <span class='ocrx_word' id='word_1_288' title='bbox 261 3455 382 3536; x_wconf 77' lang='lat' dir='ltr'><strong>denique</strong></span> <span class='ocrx_word' id='word_1_289' title='bbox 401 3455 526 3524; x_wconf 87' lang='lat' dir='ltr'><strong>epitoma</strong></span> <span class='ocrx_word' id='word_1_290' title='bbox 544 3472 625 3508; x_wconf 90' lang='lat' dir='ltr'><strong>usum</strong></span> <span class='ocrx_word' id='word_1_291' title='bbox 644 3472 704 3510; x_wconf 85' lang='lat' dir='ltr'><strong>esse</strong></span> <span class='ocrx_word' id='word_1_292' title='bbox 723 3453 901 3508; x_wconf 86' lang='lat' dir='ltr'><strong>Woelfflinus</strong></span> <span class='ocrx_word' id='word_1_293' title='bbox 920 3454 1053 3522; x_wconf 88' lang='lat' dir='ltr'><strong>probavit</strong></span> 
     </span>
     <span class='ocr_line' id='line_1_39' title="bbox 10 3518 654 3608; baseline -0.006 -23"><span class='ocrx_word' id='word_1_294' title='bbox 10 3570 18 3608; x_wconf 46' lang='grc' dir='ltr'>ἶ</span> <span class='ocrx_word' id='word_1_295' title='bbox 65 3518 207 3584; x_wconf 72' lang='grc'><strong>1113111</strong></span> <span class='ocrx_word' id='word_1_296' title='bbox 226 3526 386 3596; x_wconf 60' lang='lat' dir='ltr'><strong>Leukogr)</strong></span> <span class='ocrx_word' id='word_1_297' title='bbox 407 3526 446 3580; x_wconf 92' lang='lat' dir='ltr'><strong>VI</strong></span> <span class='ocrx_word' id='word_1_298' title='bbox 465 3527 558 3598; x_wconf 85' lang='grc'><strong>[1889]</strong></span> <span class='ocrx_word' id='word_1_299' title='bbox 578 3544 604 3595; x_wconf 89' lang='lat' dir='ltr'><strong>p.</strong></span> <span class='ocrx_word' id='word_1_300' title='bbox 620 3530 654 3596; x_wconf 87' lang='grc'><strong>3).</strong></span> 
     </span>
    </p>
   </div>
   <div class='ocr_carea' id='block_1_6' title="bbox 35 3656 40 3691">
    <p class='ocr_par' dir='ltr' id='par_1_8' title="bbox 35 3656 40 3691">
     <span class='ocr_line' id='line_1_40' title="bbox 35 3656 40 3691; baseline 0 0"><span class='ocrx_word' id='word_1_301' title='bbox 35 3656 40 3691; x_wconf 92' lang='grc'><strong>1</strong></span> 
     </span>
    </p>
   </div>
   <div class='ocr_carea' id='block_1_7' title="bbox 0 0 1202 3922">
    <p class='ocr_par' dir='ltr' id='par_1_9' title="bbox 0 0 1202 3922">
     <span class='ocr_line' id='line_1_41' title="bbox 0 0 1202 3922; baseline 0 0"><span class='ocrx_word' id='word_1_302' title='bbox 0 0 1202 3922; x_wconf 95' lang='lat' dir='ltr'><strong> </strong></span> 
     </span>
    </p>
   </div>
  </div>
 </body>
</html>
