<?xml version="1.0" encoding="UTF-8"?>
<!DOCTYPE html PUBLIC "-//W3C//DTD XHTML 1.0 Transitional//EN"
    "http://www.w3.org/TR/xhtml1/DTD/xhtml1-transitional.dtd">
<html xmlns="http://www.w3.org/1999/xhtml" xml:lang="en" lang="en">
 <head>
  <title>
</title>
<meta http-equiv="Content-Type" content="text/html;charset=utf-8" />
  <meta name='ocr-system' content='tesseract 3.04.00' />
  <meta name='ocr-capabilities' content='ocr_page ocr_carea ocr_par ocr_line ocrx_word'/>
</head>
<body>
  <div class='ocr_page' id='page_1' title='image "./lannaeifloriepi04florgoog_0058.png"; bbox 0 0 2370 3908; ppageno 0'>
   <div class='ocr_carea' id='block_1_1' title="bbox 372 212 1076 270">
    <p class='ocr_par' dir='ltr' id='par_1_1' title="bbox 372 212 1076 270">
     <span class='ocr_line' id='line_1_1' title="bbox 372 212 1076 270; baseline -0.001 -1"><span class='ocrx_word' id='word_1_1' title='bbox 372 216 575 269; x_wconf 63' lang='lat' dir='ltr'><strong>ruarmo</strong></span> <span class='ocrx_word' id='word_1_2' title='bbox 593 216 764 270; x_wconf 81' lang='lat' dir='ltr'><strong>EDITORIS</strong></span> <span class='ocrx_word' id='word_1_3' title='bbox 1013 212 1076 269; x_wconf 82' lang='lat' dir='ltr'>LIII</span> 
     </span>
    </p>
   </div>
   <div class='ocr_carea' id='block_1_2' title="bbox 55 382 1165 2772">
    <p class='ocr_par' dir='ltr' id='par_1_2' title="bbox 55 382 1165 2772">
     <span class='ocr_line' id='line_1_2' title="bbox 56 382 1076 460; baseline -0.001 -17"><span class='ocrx_word' id='word_1_4' title='bbox 56 383 235 443; x_wconf 81' lang='lat' dir='ltr'><strong>narratione</strong></span> <span class='ocrx_word' id='word_1_5' title='bbox 265 382 303 441; x_wconf 91' lang='lat' dir='ltr'><strong>ab</strong></span> <span class='ocrx_word' id='word_1_6' title='bbox 331 401 366 442; x_wconf 89' lang='lat' dir='ltr'><strong>eo</strong></span> <span class='ocrx_word' id='word_1_7' title='bbox 393 382 544 459; x_wconf 70' lang='lat' dir='ltr'>discrepat</span> <span class='ocrx_word' id='word_1_8' title='bbox 571 385 602 442; x_wconf 89' lang='lat' dir='ltr'><strong>et</strong></span> <span class='ocrx_word' id='word_1_9' title='bbox 629 383 857 460; x_wconf 77' lang='lat' dir='ltr'><strong>dispositionem</strong></span> <span class='ocrx_word' id='word_1_10' title='bbox 885 384 1004 444; x_wconf 91' lang='lat' dir='ltr'><strong>omnino</strong></span> <span class='ocrx_word' id='word_1_11' title='bbox 1032 384 1076 442; x_wconf 84' lang='lat' dir='ltr'><strong>di-</strong></span> 
     </span>
     <span class='ocr_line' id='line_1_3' title="bbox 56 471 1077 550; baseline -0.001 -17"><span class='ocrx_word' id='word_1_12' title='bbox 56 491 180 533; x_wconf 79' lang='lat' dir='ltr'><strong>versam</strong></span> <span class='ocrx_word' id='word_1_13' title='bbox 215 472 363 549; x_wconf 85' lang='lat' dir='ltr'><strong>sequitur,</strong></span> <span class='ocrx_word' id='word_1_14' title='bbox 395 474 498 531; x_wconf 89' lang='lat' dir='ltr'><strong>tamen</strong></span> <span class='ocrx_word' id='word_1_15' title='bbox 530 471 596 531; x_wconf 84' lang='lat' dir='ltr'><strong>fieri</strong></span> <span class='ocrx_word' id='word_1_16' title='bbox 627 491 687 531; x_wconf 91' lang='lat' dir='ltr'><strong>non</strong></span> <span class='ocrx_word' id='word_1_17' title='bbox 718 474 840 548; x_wconf 89' lang='lat' dir='ltr'><strong>poterat</strong></span> <span class='ocrx_word' id='word_1_18' title='bbox 869 473 942 550; x_wconf 91' lang='lat' dir='ltr'><strong>quin</strong></span> <span class='ocrx_word' id='word_1_19' title='bbox 968 472 1077 532; x_wconf 79' lang='lat' dir='ltr'><strong>Florus</strong></span> 
     </span>
     <span class='ocr_line' id='line_1_4' title="bbox 57 560 1076 640; baseline -0.001 -17"><span class='ocrx_word' id='word_1_20' title='bbox 57 562 213 640; x_wconf 75' lang='lat' dir='ltr'>quaedam</span> <span class='ocrx_word' id='word_1_21' title='bbox 243 561 281 620; x_wconf 93' lang='lat' dir='ltr'><strong>ab</strong></span> <span class='ocrx_word' id='word_1_22' title='bbox 306 560 475 621; x_wconf 85' lang='lat' dir='ltr'><strong>clarissimo</strong></span> <span class='ocrx_word' id='word_1_23' title='bbox 503 560 558 620; x_wconf 92' lang='lat' dir='ltr'><strong>illo</strong></span> <span class='ocrx_word' id='word_1_24' title='bbox 586 562 617 620; x_wconf 87' lang='lat' dir='ltr'><strong>et</strong></span> <span class='ocrx_word' id='word_1_25' title='bbox 643 561 719 621; x_wconf 89' lang='lat' dir='ltr'><strong>bene</strong></span> <span class='ocrx_word' id='word_1_26' title='bbox 746 560 805 620; x_wconf 83' lang='lat' dir='ltr'><strong>sibi</strong></span> <span class='ocrx_word' id='word_1_27' title='bbox 831 566 904 623; x_wconf 89' lang='lat' dir='ltr'><strong>noto</strong></span> <span class='ocrx_word' id='word_1_28' title='bbox 932 562 1076 622; x_wconf 89' lang='lat' dir='ltr'><strong>historico</strong></span> 
     </span>
     <span class='ocr_line' id='line_1_5' title="bbox 56 649 1078 728; baseline -0.002 -18"><span class='ocrx_word' id='word_1_29' title='bbox 56 653 187 728; x_wconf 89' lang='lat' dir='ltr'><strong>peteret.</strong></span> <span class='ocrx_word' id='word_1_30' title='bbox 237 650 337 719; x_wconf 89' lang='lat' dir='ltr'><strong>multo</strong></span> <span class='ocrx_word' id='word_1_31' title='bbox 369 668 440 710; x_wconf 81' lang='lat' dir='ltr'><strong>vero</strong></span> <span class='ocrx_word' id='word_1_32' title='bbox 472 650 571 728; x_wconf 87' lang='lat' dir='ltr'><strong>magis</strong></span> <span class='ocrx_word' id='word_1_33' title='bbox 600 649 639 709; x_wconf 91' lang='lat' dir='ltr'><strong>ad</strong></span> <span class='ocrx_word' id='word_1_34' title='bbox 668 649 827 710; x_wconf 82' lang='lat' dir='ltr'><strong>Claudiani</strong></span> <span class='ocrx_word' id='word_1_35' title='bbox 855 654 886 711; x_wconf 89' lang='lat' dir='ltr'><strong>et</strong></span> <span class='ocrx_word' id='word_1_36' title='bbox 913 650 1078 709; x_wconf 84' lang='lat' dir='ltr'><strong>Neroniani</strong></span> 
     </span>
     <span class='ocr_line' id='line_1_6' title="bbox 56 738 1079 817; baseline -0.002 -17"><span class='ocrx_word' id='word_1_37' title='bbox 56 739 183 817; x_wconf 89' lang='lat' dir='ltr'><strong>imperii</strong></span> <span class='ocrx_word' id='word_1_38' title='bbox 213 739 375 815; x_wconf 77' lang='lat' dir='ltr'><strong>scriptores</strong></span> <span class='ocrx_word' id='word_1_39' title='bbox 403 738 530 798; x_wconf 87' lang='lat' dir='ltr'><strong>inclinat</strong></span> <span class='ocrx_word' id='word_1_40' title='bbox 559 742 591 798; x_wconf 89' lang='lat' dir='ltr'><strong>et</strong></span> <span class='ocrx_word' id='word_1_41' title='bbox 612 738 791 815; x_wconf 87' lang='lat' dir='ltr'><strong>praesertim</strong></span> <span class='ocrx_word' id='word_1_42' title='bbox 815 739 854 799; x_wconf 92' lang='lat' dir='ltr'><strong>ad</strong></span> <span class='ocrx_word' id='word_1_43' title='bbox 877 757 927 799; x_wconf 87' lang='lat' dir='ltr'><strong>ees</strong></span> <span class='ocrx_word' id='word_1_44' title='bbox 950 758 1079 816; x_wconf 88' lang='lat' dir='ltr'><strong>quorum</strong></span> 
     </span>
     <span class='ocr_line' id='line_1_7' title="bbox 55 827 1078 905; baseline -0.003 -16"><span class='ocrx_word' id='word_1_45' title='bbox 55 833 133 889; x_wconf 90' lang='lat' dir='ltr'><strong>tune</strong></span> <span class='ocrx_word' id='word_1_46' title='bbox 158 845 279 887; x_wconf 89' lang='lat' dir='ltr'><strong>summa</strong></span> <span class='ocrx_word' id='word_1_47' title='bbox 301 828 466 888; x_wconf 84' lang='lat' dir='ltr'><strong>auctoritas</strong></span> <span class='ocrx_word' id='word_1_48' title='bbox 490 830 557 887; x_wconf 88' lang='lat' dir='ltr'><strong>erat</strong></span> <span class='ocrx_word' id='word_1_49' title='bbox 577 827 613 887; x_wconf 87' lang='lat' dir='ltr'><strong>L.</strong></span> <span class='ocrx_word' id='word_1_50' title='bbox 631 828 772 888; x_wconf 88' lang='lat' dir='ltr'><strong>Annaeos</strong></span> <span class='ocrx_word' id='word_1_51' title='bbox 796 828 938 904; x_wconf 87' lang='lat' dir='ltr'><strong>Senecas,</strong></span> <span class='ocrx_word' id='word_1_52' title='bbox 959 831 1078 905; x_wconf 89' lang='lat' dir='ltr'><strong>patrem</strong></span> 
     </span>
     <span class='ocr_line' id='line_1_8' title="bbox 57 908 1077 1000; baseline -0.002 -22"><span class='ocrx_word' id='word_1_53' title='bbox 57 921 90 978; x_wconf 88' lang='lat' dir='ltr'><strong>et</strong></span> <span class='ocrx_word' id='word_1_54' title='bbox 111 909 256 1000; x_wconf 82' lang='lat' dir='ltr'><strong>filium1).</strong></span> <span class='ocrx_word' id='word_1_55' title='bbox 294 936 355 995; x_wconf 90' lang='lat' dir='ltr'><strong>qua</strong></span> <span class='ocrx_word' id='word_1_56' title='bbox 374 917 410 977; x_wconf 90' lang='lat' dir='ltr'><strong>de</strong></span> <span class='ocrx_word' id='word_1_57' title='bbox 429 936 462 976; x_wconf 88' lang='lat' dir='ltr'><strong>re</strong></span> <span class='ocrx_word' id='word_1_58' title='bbox 481 935 551 976; x_wconf 91' lang='lat' dir='ltr'><strong>cum</strong></span> <span class='ocrx_word' id='word_1_59' title='bbox 568 916 630 975; x_wconf 87' lang='lat' dir='ltr'><strong>iam</strong></span> <span class='ocrx_word' id='word_1_60' title='bbox 648 917 709 978; x_wconf 88' lang='lat' dir='ltr'><strong>alio</strong></span> <span class='ocrx_word' id='word_1_61' title='bbox 728 919 794 978; x_wconf 89' lang='lat' dir='ltr'><strong>loco</strong></span> <span class='ocrx_word' id='word_1_62' title='bbox 813 917 1033 995; x_wconf 84' lang='lat' dir='ltr'><strong>disputaverim</strong></span> <span class='ocrx_word' id='word_1_63' title='bbox 1041 908 1077 998; x_wconf 74' lang='lat'><strong>²),</strong></span> 
     </span>
     <span class='ocr_line' id='line_1_9' title="bbox 56 1006 1078 1084; baseline -0.001 -19"><span class='ocrx_word' id='word_1_64' title='bbox 56 1008 106 1066; x_wconf 89' lang='lat' dir='ltr'><strong>hic</strong></span> <span class='ocrx_word' id='word_1_65' title='bbox 138 1007 283 1084; x_wconf 82' lang='lat' dir='ltr'><strong>graviora</strong></span> <span class='ocrx_word' id='word_1_66' title='bbox 308 1009 429 1065; x_wconf 84' lang='lat' dir='ltr'><strong>tantum</strong></span> <span class='ocrx_word' id='word_1_67' title='bbox 456 1007 646 1083; x_wconf 85' lang='lat' dir='ltr'><strong>maximeque</strong></span> <span class='ocrx_word' id='word_1_68' title='bbox 675 1026 711 1065; x_wconf 89' lang='lat' dir='ltr'><strong>ea</strong></span> <span class='ocrx_word' id='word_1_69' title='bbox 737 1006 774 1067; x_wconf 90' lang='lat' dir='ltr'><strong>de</strong></span> <span class='ocrx_word' id='word_1_70' title='bbox 798 1007 908 1084; x_wconf 87' lang='lat' dir='ltr'><strong>quibus</strong></span> <span class='ocrx_word' id='word_1_71' title='bbox 930 1010 1002 1084; x_wconf 89' lang='lat' dir='ltr'><strong>post</strong></span> <span class='ocrx_word' id='word_1_72' title='bbox 1024 1008 1078 1065; x_wconf 91' lang='lat' dir='ltr'><strong>hos</strong></span> 
     </span>
     <span class='ocr_line' id='line_1_10' title="bbox 57 1095 1164 1173; baseline -0.001 -18"><span class='ocrx_word' id='word_1_73' title='bbox 57 1099 179 1173; x_wconf 89' lang='lat' dir='ltr'><strong>septem</strong></span> <span class='ocrx_word' id='word_1_74' title='bbox 201 1113 296 1154; x_wconf 89' lang='lat' dir='ltr'><strong>annos</strong></span> <span class='ocrx_word' id='word_1_75' title='bbox 319 1095 408 1155; x_wconf 88' lang='lat' dir='ltr'><strong>aliter</strong></span> <span class='ocrx_word' id='word_1_76' title='bbox 431 1095 529 1155; x_wconf 89' lang='lat' dir='ltr'><strong>sentio</strong></span> <span class='ocrx_word' id='word_1_77' title='bbox 552 1095 711 1171; x_wconf 87' lang='lat' dir='ltr'><strong>proferam.</strong></span> <span class='ocrx_word' id='word_1_78' title='bbox 748 1099 868 1156; x_wconf 90' lang='lat' dir='ltr'><strong>constat</strong></span> <span class='ocrx_word' id='word_1_79' title='bbox 886 1096 1074 1171; x_wconf 80' lang='lat' dir='ltr'><strong>Senecam,</strong></span> <span class='ocrx_word' id='word_1_80' title='bbox 1098 1103 1164 1144; x_wconf 70' lang='lat' dir='ltr'><strong>Son«</strong></span> 
     </span>
     <span class='ocr_line' id='line_1_11' title="bbox 57 1155 1165 1261; baseline 0.001 -18"><span class='ocrx_word' id='word_1_81' title='bbox 57 1203 153 1261; x_wconf 92' lang='lat' dir='ltr'><strong>quem</strong></span> <span class='ocrx_word' id='word_1_82' title='bbox 189 1183 342 1244; x_wconf 79' lang='lat' dir='ltr'><strong>rhetorem</strong></span> <span class='ocrx_word' id='word_1_83' title='bbox 379 1184 549 1260; x_wconf 82' lang='lat' dir='ltr'><strong>appellant,</strong></span> <span class='ocrx_word' id='word_1_84' title='bbox 584 1184 722 1242; x_wconf 61' lang='lat' dir='ltr'><strong>dieamus</strong></span> <span class='ocrx_word' id='word_1_85' title='bbox 754 1187 791 1244; x_wconf 86' lang='lat' dir='ltr'><strong>eb</strong></span> <span class='ocrx_word' id='word_1_86' title='bbox 822 1187 906 1245; x_wconf 78' lang='lat' dir='ltr'><strong>initio</strong></span> <span class='ocrx_word' id='word_1_87' title='bbox 939 1187 1077 1245; x_wconf 75' lang='lat' dir='ltr'><strong>bellorum</strong></span> <span class='ocrx_word' id='word_1_88' title='bbox 1088 1155 1165 1251; x_wconf 56' lang='lat' dir='ltr'><strong>affl</strong></span> 
     </span>
     <span class='ocr_line' id='line_1_12' title="bbox 57 1263 1079 1354; baseline -0.001 -21"><span class='ocrx_word' id='word_1_89' title='bbox 57 1274 193 1333; x_wconf 64' lang='lat' dir='ltr'><strong>deatum</strong></span> <span class='ocrx_word' id='word_1_90' title='bbox 216 1263 238 1353; x_wconf 87' lang='lat'><strong>(·</strong></span> <span class='ocrx_word' id='word_1_91' title='bbox 253 1272 286 1329; x_wconf 90' lang='lat' dir='ltr'><strong>i·</strong></span> <span class='ocrx_word' id='word_1_92' title='bbox 305 1290 324 1331; x_wconf 92' lang='lat' dir='ltr'><strong>a</strong></span> <span class='ocrx_word' id='word_1_93' title='bbox 346 1272 546 1332; x_wconf 87' lang='lat' dir='ltr'><strong>seditionibus</strong></span> <span class='ocrx_word' id='word_1_94' title='bbox 570 1265 767 1354; x_wconf 78' lang='lat' dir='ltr'><strong>Gracchanis)</strong></span> <span class='ocrx_word' id='word_1_95' title='bbox 794 1292 886 1348; x_wconf 78' lang='lat' dir='ltr'><strong>esque</strong></span> <span class='ocrx_word' id='word_1_96' title='bbox 911 1276 951 1334; x_wconf 85' lang='lat' dir='ltr'><strong>ad</strong></span> <span class='ocrx_word' id='word_1_97' title='bbox 979 1277 1079 1333; x_wconf 84' lang='lat' dir='ltr'><strong>mertis</strong></span> 
     </span>
     <span class='ocr_line' id='line_1_13' title="bbox 59 1361 1078 1438; baseline 0 -16"><span class='ocrx_word' id='word_1_98' title='bbox 59 1379 135 1422; x_wconf 81' lang='lat' dir='ltr'><strong>suae</strong></span> <span class='ocrx_word' id='word_1_99' title='bbox 157 1362 235 1421; x_wconf 80' lang='lat' dir='ltr'><strong>diem</strong></span> <span class='ocrx_word' id='word_1_100' title='bbox 258 1361 422 1438; x_wconf 84' lang='lat' dir='ltr'><strong>scripsisse,</strong></span> <span class='ocrx_word' id='word_1_101' title='bbox 445 1379 521 1438; x_wconf 88' lang='lat' dir='ltr'><strong>quas</strong></span> <span class='ocrx_word' id='word_1_102' title='bbox 543 1361 608 1437; x_wconf 90' lang='lat' dir='ltr'><strong>ipse</strong></span> <span class='ocrx_word' id='word_1_103' title='bbox 630 1380 691 1421; x_wconf 92' lang='lat' dir='ltr'><strong>non</strong></span> <span class='ocrx_word' id='word_1_104' title='bbox 714 1361 809 1422; x_wconf 87' lang='lat' dir='ltr'><strong>edidit</strong></span> <span class='ocrx_word' id='word_1_105' title='bbox 832 1363 886 1422; x_wconf 90' lang='lat' dir='ltr'><strong>sed</strong></span> <span class='ocrx_word' id='word_1_106' title='bbox 907 1362 970 1422; x_wconf 90' lang='lat' dir='ltr'><strong>filio</strong></span> <span class='ocrx_word' id='word_1_107' title='bbox 992 1363 1078 1422; x_wconf 89' lang='lat' dir='ltr'><strong>emit-</strong></span> 
     </span>
     <span class='ocr_line' id='line_1_14' title="bbox 59 1449 1079 1527; baseline 0.001 -17"><span class='ocrx_word' id='word_1_108' title='bbox 59 1450 169 1510; x_wconf 87' lang='lat' dir='ltr'><strong>tendas</strong></span> <span class='ocrx_word' id='word_1_109' title='bbox 198 1449 334 1527; x_wconf 88' lang='lat' dir='ltr'><strong>reliquit.</strong></span> <span class='ocrx_word' id='word_1_110' title='bbox 378 1450 410 1509; x_wconf 92' lang='lat' dir='ltr'><strong>id</strong></span> <span class='ocrx_word' id='word_1_111' title='bbox 439 1450 521 1527; x_wconf 90' lang='lat' dir='ltr'><strong>qnod</strong></span> <span class='ocrx_word' id='word_1_112' title='bbox 546 1469 579 1509; x_wconf 91' lang='lat' dir='ltr'><strong>re</strong></span> <span class='ocrx_word' id='word_1_113' title='bbox 607 1469 679 1510; x_wconf 81' lang='lat' dir='ltr'><strong>vera</strong></span> <span class='ocrx_word' id='word_1_114' title='bbox 708 1451 823 1510; x_wconf 80' lang='lat' dir='ltr'><strong>factum</strong></span> <span class='ocrx_word' id='word_1_115' title='bbox 846 1469 910 1511; x_wconf 90' lang='lat' dir='ltr'><strong>esse</strong></span> <span class='ocrx_word' id='word_1_116' title='bbox 935 1455 966 1510; x_wconf 90' lang='lat' dir='ltr'><strong>et</strong></span> <span class='ocrx_word' id='word_1_117' title='bbox 988 1452 1079 1511; x_wconf 91' lang='lat' dir='ltr'><strong>huius</strong></span> 
     </span>
     <span class='ocr_line' id='line_1_15' title="bbox 59 1532 1077 1622; baseline -0.004 -20"><span class='ocrx_word' id='word_1_118' title='bbox 59 1540 155 1602; x_wconf 82' lang='lat' dir='ltr'><strong>verba</strong></span> <span class='ocrx_word' id='word_1_119' title='bbox 174 1538 371 1615; x_wconf 88' lang='lat' dir='ltr'><strong>comprobant</strong></span> <span class='ocrx_word' id='word_1_120' title='bbox 388 1538 476 1598; x_wconf 86' lang='lat' dir='ltr'><strong>initio</strong></span> <span class='ocrx_word' id='word_1_121' title='bbox 495 1538 566 1598; x_wconf 85' lang='lat' dir='ltr'><strong>libri</strong></span> <span class='ocrx_word' id='word_1_122' title='bbox 583 1541 620 1599; x_wconf 88' lang='lat' dir='ltr'><strong>de</strong></span> <span class='ocrx_word' id='word_1_123' title='bbox 632 1542 694 1598; x_wconf 82' lang='lat' dir='ltr'><strong>vitu</strong></span> <span class='ocrx_word' id='word_1_124' title='bbox 709 1542 809 1613; x_wconf 80' lang='lat' dir='ltr'><strong>petris</strong></span> <span class='ocrx_word' id='word_1_125' title='bbox 822 1541 942 1600; x_wconf 88' lang='lat' dir='ltr'><strong>servata</strong></span> <span class='ocrx_word' id='word_1_126' title='bbox 957 1532 1077 1622; x_wconf 84' lang='lat' dir='ltr'><strong>(fragm.</strong></span> 
     </span>
     <span class='ocr_line' id='line_1_16' title="bbox 59 1621 1079 1711; baseline 0 -22"><span class='ocrx_word' id='word_1_127' title='bbox 59 1632 101 1690; x_wconf 88' lang='grc'><strong>98</strong></span> <span class='ocrx_word' id='word_1_128' title='bbox 123 1628 171 1689; x_wconf 87' lang='lat' dir='ltr'><strong>ad.</strong></span> <span class='ocrx_word' id='word_1_129' title='bbox 189 1627 290 1687; x_wconf 87' lang='lat' dir='ltr'><strong>Haase</strong></span> <span class='ocrx_word' id='word_1_130' title='bbox 310 1652 353 1676; x_wconf 89' lang='lat'><em>=</em></span> <span class='ocrx_word' id='word_1_131' title='bbox 371 1647 399 1703; x_wconf 92' lang='lat' dir='ltr'><strong>p.</strong></span> <span class='ocrx_word' id='word_1_132' title='bbox 418 1627 518 1686; x_wconf 89' lang='lat' dir='ltr'>XXXI</span> <span class='ocrx_word' id='word_1_133' title='bbox 536 1628 581 1686; x_wconf 93' lang='lat' dir='ltr'><strong>ed.</strong></span> <span class='ocrx_word' id='word_1_134' title='bbox 601 1621 821 1711; x_wconf 88' lang='lat' dir='ltr'><strong>Studemund):</strong></span> <span class='ocrx_word' id='word_1_135' title='bbox 840 1632 1079 1703; x_wconf 60' lang='lat' dir='ltr'><strong>decessumque</strong></span> 
     </span>
     <span class='ocr_line' id='line_1_17' title="bbox 58 1717 1079 1793; baseline 0.002 -17"><span class='ocrx_word' id='word_1_136' title='bbox 58 1719 222 1791; x_wconf 71' lang='lat' dir='ltr'><strong>merepessit</strong></span> <span class='ocrx_word' id='word_1_137' title='bbox 238 1720 327 1790; x_wconf 86' lang='lat' dir='ltr'><strong>peter</strong></span> <span class='ocrx_word' id='word_1_138' title='bbox 344 1733 426 1776; x_wconf 82' lang='lat' dir='ltr'><strong>meres</strong></span> <span class='ocrx_word' id='word_1_139' title='bbox 445 1721 472 1775; x_wconf 88' lang='lat' dir='ltr'><strong>et</strong></span> <span class='ocrx_word' id='word_1_140' title='bbox 493 1717 549 1775; x_wconf 86' lang='lat' dir='ltr'><strong>edi</strong></span> <span class='ocrx_word' id='word_1_141' title='bbox 569 1717 683 1776; x_wconf 79' lang='lat' dir='ltr'><strong>vetuit</strong></span> <span class='ocrx_word' id='word_1_142' title='bbox 703 1717 773 1778; x_wconf 84' lang='lat' dir='ltr'><strong>iem</strong></span> <span class='ocrx_word' id='word_1_143' title='bbox 794 1720 827 1777; x_wconf 73' lang='lat' dir='ltr'><strong>ire</strong></span> <span class='ocrx_word' id='word_1_144' title='bbox 849 1737 956 1778; x_wconf 74' lang='lat' dir='ltr'><strong>memes</strong></span> <span class='ocrx_word' id='word_1_145' title='bbox 973 1721 1079 1793; x_wconf 79' lang='lat' dir='ltr'><strong>pepuli</strong></span> 
     </span>
     <span class='ocr_line' id='line_1_18' title="bbox 59 1805 1077 1883; baseline 0 -17"><span class='ocrx_word' id='word_1_146' title='bbox 59 1808 221 1866; x_wconf 73' lang='lat' dir='ltr'><strong>misissem</strong></span> <span class='ocrx_word' id='word_1_147' title='bbox 248 1808 280 1864; x_wconf 90' lang='lat' dir='ltr'><strong>et</strong></span> <span class='ocrx_word' id='word_1_148' title='bbox 307 1805 368 1864; x_wconf 90' lang='lat' dir='ltr'><strong>due</strong></span> <span class='ocrx_word' id='word_1_149' title='bbox 391 1806 563 1883; x_wconf 85' lang='lat' dir='ltr'><strong>fragmenta</strong></span> <span class='ocrx_word' id='word_1_150' title='bbox 585 1825 604 1864; x_wconf 89' lang='lat' dir='ltr'><strong>a</strong></span> <span class='ocrx_word' id='word_1_151' title='bbox 626 1805 786 1866; x_wconf 80' lang='lat' dir='ltr'><strong>Lactantio</strong></span> <span class='ocrx_word' id='word_1_152' title='bbox 810 1807 879 1869; x_wconf 90' lang='lat' dir='ltr'><strong>inst.</strong></span> <span class='ocrx_word' id='word_1_153' title='bbox 904 1808 994 1869; x_wconf 85' lang='lat' dir='ltr'><strong>divin.</strong></span> <span class='ocrx_word' id='word_1_154' title='bbox 1018 1808 1077 1867; x_wconf 90' lang='lat' dir='ltr'><strong>VII</strong></span> 
     </span>
     <span class='ocr_line' id='line_1_19' title="bbox 60 1893 1077 1974; baseline -0.001 -18"><span class='ocrx_word' id='word_1_155' title='bbox 60 1897 174 1974; x_wconf 84' lang='lat'>15,14</span> <span class='ocrx_word' id='word_1_156' title='bbox 204 1897 235 1954; x_wconf 88' lang='lat' dir='ltr'><strong>et</strong></span> <span class='ocrx_word' id='word_1_157' title='bbox 263 1913 283 1953; x_wconf 91' lang='lat' dir='ltr'><strong>a</strong></span> <span class='ocrx_word' id='word_1_158' title='bbox 311 1893 456 1954; x_wconf 85' lang='lat' dir='ltr'><strong>Suetonio</strong></span> <span class='ocrx_word' id='word_1_159' title='bbox 486 1894 550 1953; x_wconf 83' lang='lat' dir='ltr'><strong>Tib.</strong></span> <span class='ocrx_word' id='word_1_160' title='bbox 582 1898 622 1955; x_wconf 80' lang='lat'><strong>73</strong></span> <span class='ocrx_word' id='word_1_161' title='bbox 650 1896 772 1955; x_wconf 89' lang='lat' dir='ltr'><strong>tradita.</strong></span> <span class='ocrx_word' id='word_1_162' title='bbox 817 1897 877 1956; x_wconf 89' lang='lat' dir='ltr'><strong>iam</strong></span> <span class='ocrx_word' id='word_1_163' title='bbox 900 1897 982 1956; x_wconf 87' lang='lat' dir='ltr'><strong>felici</strong></span> <span class='ocrx_word' id='word_1_164' title='bbox 1005 1915 1077 1956; x_wconf 89' lang='lat' dir='ltr'><strong>casu</strong></span> 
     </span>
     <span class='ocr_line' id='line_1_20' title="bbox 59 1982 1078 2063; baseline 0 -19"><span class='ocrx_word' id='word_1_165' title='bbox 59 1984 163 2047; x_wconf 84' lang='lat' dir='ltr'><strong>evenit</strong></span> <span class='ocrx_word' id='word_1_166' title='bbox 186 1986 223 2043; x_wconf 91' lang='lat' dir='ltr'><strong>ut</strong></span> <span class='ocrx_word' id='word_1_167' title='bbox 245 1982 375 2042; x_wconf 88' lang='lat' dir='ltr'><strong>Senecae</strong></span> <span class='ocrx_word' id='word_1_168' title='bbox 398 1982 491 2045; x_wconf 83' lang='lat' dir='ltr'><strong>verba</strong></span> <span class='ocrx_word' id='word_1_169' title='bbox 515 2001 592 2061; x_wconf 90' lang='lat' dir='ltr'><strong>quaa</strong></span> <span class='ocrx_word' id='word_1_170' title='bbox 617 1984 698 2060; x_wconf 91' lang='lat' dir='ltr'><strong>apud</strong></span> <span class='ocrx_word' id='word_1_171' title='bbox 715 1985 911 2045; x_wconf 85' lang='lat' dir='ltr'><strong>Laetantium</strong></span> <span class='ocrx_word' id='word_1_172' title='bbox 933 1986 1078 2063; x_wconf 89' lang='lat' dir='ltr'><strong>leguntur</strong></span> 
     </span>
     <span class='ocr_line' id='line_1_21' title="bbox 59 2071 1078 2150; baseline -0.002 -17"><span class='ocrx_word' id='word_1_173' title='bbox 59 2075 165 2133; x_wconf 88' lang='lat' dir='ltr'><strong>eodem</strong></span> <span class='ocrx_word' id='word_1_174' title='bbox 198 2072 262 2131; x_wconf 85' lang='lat' dir='ltr'><strong>fere</strong></span> <span class='ocrx_word' id='word_1_175' title='bbox 294 2071 383 2133; x_wconf 90' lang='lat' dir='ltr'><strong>modo</strong></span> <span class='ocrx_word' id='word_1_176' title='bbox 414 2072 504 2131; x_wconf 91' lang='lat' dir='ltr'><strong>illum</strong></span> <span class='ocrx_word' id='word_1_177' title='bbox 536 2075 628 2149; x_wconf 86' lang='lat' dir='ltr'><strong>atque</strong></span> <span class='ocrx_word' id='word_1_178' title='bbox 657 2073 780 2133; x_wconf 76' lang='lat' dir='ltr'><strong>Florum</strong></span> <span class='ocrx_word' id='word_1_179' title='bbox 812 2074 918 2150; x_wconf 92' lang='lat' dir='ltr'><strong>populi</strong></span> <span class='ocrx_word' id='word_1_180' title='bbox 949 2074 1078 2133; x_wconf 86' lang='lat' dir='ltr'><strong>Romani</strong></span> 
     </span>
     <span class='ocr_line' id='line_1_22' title="bbox 61 2160 1128 2238; baseline 0 -16"><span class='ocrx_word' id='word_1_181' title='bbox 61 2181 131 2222; x_wconf 91' lang='lat' dir='ltr'><strong>cum</strong></span> <span class='ocrx_word' id='word_1_182' title='bbox 157 2180 221 2221; x_wconf 89' lang='lat' dir='ltr'><strong>uno</strong></span> <span class='ocrx_word' id='word_1_183' title='bbox 249 2160 370 2221; x_wconf 91' lang='lat' dir='ltr'><strong>homine</strong></span> <span class='ocrx_word' id='word_1_184' title='bbox 399 2162 565 2236; x_wconf 88' lang='lat' dir='ltr'><strong>comparati</strong></span> <span class='ocrx_word' id='word_1_185' title='bbox 588 2164 726 2238; x_wconf 90' lang='lat' dir='ltr'><strong>tempora</strong></span> <span class='ocrx_word' id='word_1_186' title='bbox 747 2163 780 2221; x_wconf 92' lang='lat' dir='ltr'><strong>in</strong></span> <span class='ocrx_word' id='word_1_187' title='bbox 803 2164 918 2223; x_wconf 89' lang='lat' dir='ltr'><strong>aetates</strong></span> <span class='ocrx_word' id='word_1_188' title='bbox 941 2161 1078 2222; x_wconf 86' lang='lat' dir='ltr'><strong>divisisse</strong></span> <span class='ocrx_word' id='word_1_189' title='bbox 1123 2197 1128 2208; x_wconf 92' lang='lat'><strong>·</strong></span> 
     </span>
     <span class='ocr_line' id='line_1_23' title="bbox 61 2249 1077 2323; baseline 0 -13"><span class='ocrx_word' id='word_1_190' title='bbox 61 2250 233 2323; x_wconf 86' lang='lat' dir='ltr'><strong>ostendant,</strong></span> <span class='ocrx_word' id='word_1_191' title='bbox 252 2249 413 2309; x_wconf 84' lang='lat' dir='ltr'><strong>infantiam</strong></span> <span class='ocrx_word' id='word_1_192' title='bbox 431 2249 668 2310; x_wconf 86' lang='lat' dir='ltr'><strong>adulescentiam</strong></span> <span class='ocrx_word' id='word_1_193' title='bbox 685 2250 877 2310; x_wconf 85' lang='lat' dir='ltr'><strong>iuventutem</strong></span> <span class='ocrx_word' id='word_1_194' title='bbox 892 2253 1077 2311; x_wconf 88' lang='lat' dir='ltr'><strong>senectutem</strong></span> 
     </span>
     <span class='ocr_line' id='line_1_24' title="bbox 61 2337 1078 2416; baseline 0 -17"><span class='ocrx_word' id='word_1_195' title='bbox 61 2339 267 2416; x_wconf 87' lang='lat' dir='ltr'><strong>constituisse,</strong></span> <span class='ocrx_word' id='word_1_196' title='bbox 290 2338 433 2399; x_wconf 87' lang='lat' dir='ltr'><strong>libertate</strong></span> <span class='ocrx_word' id='word_1_197' title='bbox 457 2337 514 2398; x_wconf 90' lang='lat' dir='ltr'><strong>sub</strong></span> <span class='ocrx_word' id='word_1_198' title='bbox 532 2338 765 2415; x_wconf 88' lang='lat' dir='ltr'><strong>imperatoribus</strong></span> <span class='ocrx_word' id='word_1_199' title='bbox 785 2339 896 2399; x_wconf 86' lang='lat' dir='ltr'><strong>amissa</strong></span> <span class='ocrx_word' id='word_1_200' title='bbox 915 2340 1078 2400; x_wconf 89' lang='lat' dir='ltr'><strong>terminum</strong></span> 
     </span>
     <span class='ocr_line' id='line_1_25' title="bbox 60 2427 1077 2507; baseline 0.001 -18"><span class='ocrx_word' id='word_1_201' title='bbox 60 2433 154 2507; x_wconf 85' lang='lat' dir='ltr'><strong>atque</strong></span> <span class='ocrx_word' id='word_1_202' title='bbox 178 2427 270 2487; x_wconf 89' lang='lat' dir='ltr'><strong>finem</strong></span> <span class='ocrx_word' id='word_1_203' title='bbox 292 2427 436 2488; x_wconf 89' lang='lat' dir='ltr'><strong>historiae</strong></span> <span class='ocrx_word' id='word_1_204' title='bbox 459 2427 647 2504; x_wconf 88' lang='lat' dir='ltr'><strong>imposuisse.</strong></span> <span class='ocrx_word' id='word_1_205' title='bbox 684 2429 741 2488; x_wconf 91' lang='lat' dir='ltr'><strong>hoc</strong></span> <span class='ocrx_word' id='word_1_206' title='bbox 763 2428 860 2506; x_wconf 89' lang='lat' dir='ltr'><strong>igitur</strong></span> <span class='ocrx_word' id='word_1_207' title='bbox 881 2429 988 2506; x_wconf 87' lang='lat' dir='ltr'><strong>utique</strong></span> <span class='ocrx_word' id='word_1_208' title='bbox 1009 2449 1077 2490; x_wconf 92' lang='lat' dir='ltr'><strong>con-</strong></span> 
     </span>
     <span class='ocr_line' id='line_1_26' title="bbox 61 2516 1078 2597; baseline 0.002 -19"><span class='ocrx_word' id='word_1_209' title='bbox 61 2519 229 2579; x_wconf 88' lang='lat' dir='ltr'><strong>cedendum</strong></span> <span class='ocrx_word' id='word_1_210' title='bbox 263 2519 310 2576; x_wconf 87' lang='lat' dir='ltr'><strong>est</strong></span> <span class='ocrx_word' id='word_1_211' title='bbox 341 2520 373 2577; x_wconf 86' lang='lat' dir='ltr'><strong>st</strong></span> <span class='ocrx_word' id='word_1_212' title='bbox 405 2534 580 2577; x_wconf 85' lang='lat' dir='ltr'><strong>eoncessum</strong></span> <span class='ocrx_word' id='word_1_213' title='bbox 612 2520 658 2576; x_wconf 90' lang='lat' dir='ltr'><strong>est</strong></span> <span class='ocrx_word' id='word_1_214' title='bbox 685 2517 723 2576; x_wconf 91' lang='lat' dir='ltr'><strong>ab</strong></span> <span class='ocrx_word' id='word_1_215' title='bbox 751 2516 785 2578; x_wconf 93' lang='lat'><strong>0.</strong></span> <span class='ocrx_word' id='word_1_216' title='bbox 810 2516 925 2597; x_wconf 84' lang='lat' dir='ltr'><strong>Iahnio‚</strong></span> <span class='ocrx_word' id='word_1_217' title='bbox 957 2518 1078 2580; x_wconf 89' lang='lat' dir='ltr'><strong>homine</strong></span> 
     </span>
     <span class='ocr_line' id='line_1_27' title="bbox 60 2597 1078 2688; baseline 0.002 -21"><span class='ocrx_word' id='word_1_218' title='bbox 60 2597 282 2688; x_wconf 75' lang='lat' dir='ltr'><strong>cantissimo³),</strong></span> <span class='ocrx_word' id='word_1_219' title='bbox 304 2605 429 2666; x_wconf 83' lang='lat' dir='ltr'><strong>Florum</strong></span> <span class='ocrx_word' id='word_1_220' title='bbox 449 2624 469 2664; x_wconf 87' lang='lat' dir='ltr'><strong>a</strong></span> <span class='ocrx_word' id='word_1_221' title='bbox 488 2605 601 2664; x_wconf 87' lang='lat' dir='ltr'><strong>Seneca</strong></span> <span class='ocrx_word' id='word_1_222' title='bbox 619 2606 782 2684; x_wconf 82' lang='lat' dir='ltr'><strong>imaginem</strong></span> <span class='ocrx_word' id='word_1_223' title='bbox 800 2607 885 2665; x_wconf 92' lang='lat' dir='ltr'><strong>illam</strong></span> <span class='ocrx_word' id='word_1_224' title='bbox 903 2610 1078 2669; x_wconf 88' lang='lat' dir='ltr'><strong>mutuatum</strong></span> 
     </span>
     <span class='ocr_line' id='line_1_28' title="bbox 61 2694 1077 2772; baseline 0.002 -16"><span class='ocrx_word' id='word_1_225' title='bbox 61 2715 132 2756; x_wconf 88' lang='lat' dir='ltr'><strong>esse.</strong></span> <span class='ocrx_word' id='word_1_226' title='bbox 181 2694 264 2772; x_wconf 91' lang='lat' dir='ltr'><strong>qnod</strong></span> <span class='ocrx_word' id='word_1_227' title='bbox 291 2695 318 2754; x_wconf 91' lang='lat' dir='ltr'><strong>si</strong></span> <span class='ocrx_word' id='word_1_228' title='bbox 346 2713 452 2755; x_wconf 80' lang='lat' dir='ltr'><strong>verum</strong></span> <span class='ocrx_word' id='word_1_229' title='bbox 480 2697 528 2753; x_wconf 89' lang='lat' dir='ltr'><strong>est</strong></span> <span class='ocrx_word' id='word_1_230' title='bbox 557 2698 589 2753; x_wconf 90' lang='lat' dir='ltr'><strong>et</strong></span> <span class='ocrx_word' id='word_1_231' title='bbox 618 2695 645 2754; x_wconf 92' lang='lat' dir='ltr'><strong>si</strong></span> <span class='ocrx_word' id='word_1_232' title='bbox 667 2695 802 2755; x_wconf 87' lang='lat' dir='ltr'><strong>tenueris</strong></span> <span class='ocrx_word' id='word_1_233' title='bbox 826 2696 951 2757; x_wconf 81' lang='lat' dir='ltr'><strong>Florum</strong></span> <span class='ocrx_word' id='word_1_234' title='bbox 978 2699 1077 2758; x_wconf 85' lang='lat' dir='ltr'><strong>distri·</strong></span> 
     </span>
    </p>
   </div>
   <div class='ocr_carea' id='block_1_3' title="bbox 11 2880 1112 3673">
    <p class='ocr_par' dir='ltr' id='par_1_3' title="bbox 61 2880 1077 3022">
     <span class='ocr_line' id='line_1_29' title="bbox 130 2880 1077 2952; baseline 0.002 -16"><span class='ocrx_word' id='word_1_235' title='bbox 130 2885 158 2952; x_wconf 88' lang='lat'><strong>1)</strong></span> <span class='ocrx_word' id='word_1_236' title='bbox 176 2880 256 2952; x_wconf 88' lang='lat' dir='ltr'><strong>patri</strong></span> <span class='ocrx_word' id='word_1_237' title='bbox 283 2895 395 2949; x_wconf 88' lang='lat' dir='ltr'><strong>quoque</strong></span> <span class='ocrx_word' id='word_1_238' title='bbox 425 2896 596 2950; x_wconf 87' lang='lat' dir='ltr'><strong>praenomen</strong></span> <span class='ocrx_word' id='word_1_239' title='bbox 618 2880 704 2936; x_wconf 89' lang='lat' dir='ltr'><strong>Lucio</strong></span> <span class='ocrx_word' id='word_1_240' title='bbox 732 2881 820 2938; x_wconf 87' lang='lat' dir='ltr'><strong>fuisse</strong></span> <span class='ocrx_word' id='word_1_241' title='bbox 847 2882 878 2936; x_wconf 87' lang='lat' dir='ltr'><strong>E.</strong></span> <span class='ocrx_word' id='word_1_242' title='bbox 897 2883 1077 2938; x_wconf 81' lang='lat' dir='ltr'><strong>Woelfflinus</strong></span> 
     </span>
     <span class='ocr_line' id='line_1_30' title="bbox 61 2950 751 3022; baseline -0.001 -14"><span class='ocrx_word' id='word_1_243' title='bbox 61 2953 195 3022; x_wconf 82' lang='lat' dir='ltr'><strong>probavit</strong></span> <span class='ocrx_word' id='word_1_244' title='bbox 215 2951 317 3006; x_wconf 81' lang='lat' dir='ltr'><strong>‘musei</strong></span> <span class='ocrx_word' id='word_1_245' title='bbox 335 2950 476 3006; x_wconf 86' lang='lat' dir='ltr'><strong>Rhenani’</strong></span> <span class='ocrx_word' id='word_1_246' title='bbox 498 2951 519 3005; x_wconf 84' lang='lat' dir='ltr'>L</span> <span class='ocrx_word' id='word_1_247' title='bbox 538 2955 630 3021; x_wconf 82' lang='lat'>(1895)</span> <span class='ocrx_word' id='word_1_248' title='bbox 648 2971 674 3022; x_wconf 92' lang='lat' dir='ltr'><strong>p.</strong></span> <span class='ocrx_word' id='word_1_249' title='bbox 691 2958 751 3007; x_wconf 81' lang='lat'><strong>320.</strong></span> 
     </span>
    </p>

    <p class='ocr_par' dir='ltr' id='par_1_4' title="bbox 65 3021 1077 3164">
     <span class='ocr_line' id='line_1_31' title="bbox 130 3021 1077 3094; baseline 0.001 -16"><span class='ocrx_word' id='word_1_250' title='bbox 130 3027 158 3094; x_wconf 83' lang='lat'><strong>2)</strong></span> <span class='ocrx_word' id='word_1_251' title='bbox 180 3023 234 3078; x_wconf 81' lang='lat' dir='ltr'><strong>‘Da</strong></span> <span class='ocrx_word' id='word_1_252' title='bbox 257 3022 381 3078; x_wconf 90' lang='lat' dir='ltr'><strong>Senecae</strong></span> <span class='ocrx_word' id='word_1_253' title='bbox 402 3021 567 3093; x_wconf 87' lang='lat' dir='ltr'><strong>philosophi</strong></span> <span class='ocrx_word' id='word_1_254' title='bbox 589 3023 725 3078; x_wconf 89' lang='lat' dir='ltr'><strong>librorum</strong></span> <span class='ocrx_word' id='word_1_255' title='bbox 748 3025 910 3080; x_wconf 88' lang='lat' dir='ltr'><strong>recensione</strong></span> <span class='ocrx_word' id='word_1_256' title='bbox 935 3028 964 3079; x_wconf 88' lang='lat' dir='ltr'><strong>et</strong></span> <span class='ocrx_word' id='word_1_257' title='bbox 985 3042 1077 3079; x_wconf 87' lang='lat' dir='ltr'><strong>emen-</strong></span> 
     </span>
     <span class='ocr_line' id='line_1_32' title="bbox 65 3095 358 3164; baseline 0.003 -16"><span class='ocrx_word' id='word_1_258' title='bbox 65 3095 191 3151; x_wconf 91' lang='lat' dir='ltr'><strong>datione&#39;</strong></span> <span class='ocrx_word' id='word_1_259' title='bbox 211 3112 238 3164; x_wconf 90' lang='lat' dir='ltr'><strong>p.</strong></span> <span class='ocrx_word' id='word_1_260' title='bbox 256 3100 307 3149; x_wconf 77' lang='lat'><strong>162</strong></span> <span class='ocrx_word' id='word_1_261' title='bbox 317 3111 358 3162; x_wconf 89' lang='lat' dir='ltr'><strong>sq.</strong></span> 
     </span>
    </p>

    <p class='ocr_par' dir='ltr' id='par_1_5' title="bbox 63 3163 1077 3379">
     <span class='ocr_line' id='line_1_33' title="bbox 129 3163 1077 3237; baseline -0.001 -15"><span class='ocrx_word' id='word_1_262' title='bbox 129 3170 157 3237; x_wconf 81' lang='lat'><strong>8)</strong></span> <span class='ocrx_word' id='word_1_263' title='bbox 177 3165 265 3236; x_wconf 85' lang='lat' dir='ltr'><strong>praef.</strong></span> <span class='ocrx_word' id='word_1_264' title='bbox 286 3183 312 3236; x_wconf 91' lang='lat' dir='ltr'><strong>p.</strong></span> <span class='ocrx_word' id='word_1_265' title='bbox 327 3163 451 3218; x_wconf 90' lang='lat' dir='ltr'>XXXIX.</span> <span class='ocrx_word' id='word_1_266' title='bbox 488 3181 546 3219; x_wconf 91' lang='lat' dir='ltr'><strong>non</strong></span> <span class='ocrx_word' id='word_1_267' title='bbox 571 3182 637 3219; x_wconf 89' lang='lat' dir='ltr'><strong>curo</strong></span> <span class='ocrx_word' id='word_1_268' title='bbox 664 3183 711 3221; x_wconf 88' lang='lat' dir='ltr'><strong>eos</strong></span> <span class='ocrx_word' id='word_1_269' title='bbox 735 3166 784 3235; x_wconf 92' lang='lat' dir='ltr'><strong>qui</strong></span> <span class='ocrx_word' id='word_1_270' title='bbox 802 3183 891 3236; x_wconf 88' lang='lat' dir='ltr'><strong>nuper</strong></span> <span class='ocrx_word' id='word_1_271' title='bbox 910 3165 1001 3219; x_wconf 87' lang='lat' dir='ltr'><strong>causis</strong></span> <span class='ocrx_word' id='word_1_272' title='bbox 1020 3184 1077 3221; x_wconf 91' lang='lat' dir='ltr'><strong>non</strong></span> 
     </span>
     <span class='ocr_line' id='line_1_34' title="bbox 63 3236 1075 3294; baseline 0.001 -1"><span class='ocrx_word' id='word_1_273' title='bbox 63 3238 155 3293; x_wconf 86' lang='lat' dir='ltr'><strong>allatis</strong></span> <span class='ocrx_word' id='word_1_274' title='bbox 191 3236 395 3292; x_wconf 80' lang='lat' dir='ltr'><strong>dubitaverunt</strong></span> <span class='ocrx_word' id='word_1_275' title='bbox 425 3253 493 3289; x_wconf 91' lang='lat' dir='ltr'><strong>num</strong></span> <span class='ocrx_word' id='word_1_276' title='bbox 523 3236 629 3292; x_wconf 89' lang='lat' dir='ltr'><strong>Seneca</strong></span> <span class='ocrx_word' id='word_1_277' title='bbox 660 3254 679 3291; x_wconf 91' lang='lat' dir='ltr'><strong>a</strong></span> <span class='ocrx_word' id='word_1_278' title='bbox 704 3237 788 3294; x_wconf 82' lang='lat' dir='ltr'><strong>Floro</strong></span> <span class='ocrx_word' id='word_1_279' title='bbox 821 3236 965 3292; x_wconf 87' lang='lat' dir='ltr'><strong>adhibitus</strong></span> <span class='ocrx_word' id='word_1_280' title='bbox 994 3242 1075 3294; x_wconf 84' lang='lat' dir='ltr'><strong>esset.</strong></span> 
     </span>
     <span class='ocr_line' id='line_1_35' title="bbox 64 3307 1077 3379; baseline 0 -15"><span class='ocrx_word' id='word_1_281' title='bbox 64 3311 171 3378; x_wconf 85' lang='lat' dir='ltr'><strong>gaudeo</strong></span> <span class='ocrx_word' id='word_1_282' title='bbox 195 3311 293 3364; x_wconf 86' lang='lat' dir='ltr'><strong>tamen</strong></span> <span class='ocrx_word' id='word_1_283' title='bbox 321 3307 398 3377; x_wconf 88' lang='lat' dir='ltr'><strong>quod</strong></span> <span class='ocrx_word' id='word_1_284' title='bbox 421 3322 494 3375; x_wconf 85' lang='lat' dir='ltr'><strong>quaa</strong></span> <span class='ocrx_word' id='word_1_285' title='bbox 517 3307 547 3361; x_wconf 92' lang='lat' dir='ltr'><strong>in</strong></span> <span class='ocrx_word' id='word_1_286' title='bbox 575 3307 647 3363; x_wconf 90' lang='lat' dir='ltr'><strong>libro</strong></span> <span class='ocrx_word' id='word_1_287' title='bbox 674 3325 759 3379; x_wconf 87' lang='lat' dir='ltr'><strong>supra</strong></span> <span class='ocrx_word' id='word_1_288' title='bbox 782 3310 936 3363; x_wconf 86' lang='lat' dir='ltr'><strong>memorato</strong></span> <span class='ocrx_word' id='word_1_289' title='bbox 960 3309 1077 3377; x_wconf 83' lang='lat' dir='ltr'><strong>exposui</strong></span> 
     </span>
    </p>

    <p class='ocr_par' dir='ltr' id='par_1_6' title="bbox 11 3377 1077 3436">
     <span class='ocr_line' id='line_1_36' title="bbox 11 3377 1077 3436; baseline 0.001 -1"><span class='ocrx_word' id='word_1_290' title='bbox 11 3394 13 3401; x_wconf 91' lang='grc'><strong><em>·</em></strong></span> <span class='ocrx_word' id='word_1_291' title='bbox 65 3398 122 3435; x_wconf 85' lang='lat' dir='ltr'><strong>curn</strong></span> <span class='ocrx_word' id='word_1_292' title='bbox 146 3379 270 3436; x_wconf 89' lang='lat' dir='ltr'><strong>aliorum</strong></span> <span class='ocrx_word' id='word_1_293' title='bbox 296 3378 418 3434; x_wconf 81' lang='lat' dir='ltr'><strong>virorum</strong></span> <span class='ocrx_word' id='word_1_294' title='bbox 437 3377 691 3434; x_wconf 87' lang='lat' dir='ltr'><strong>eruditissimorum</strong></span> <span class='ocrx_word' id='word_1_295' title='bbox 710 3396 854 3434; x_wconf 90' lang='lat' dir='ltr'><strong>assensum</strong></span> <span class='ocrx_word' id='word_1_296' title='bbox 872 3378 998 3434; x_wconf 88' lang='lat' dir='ltr'><strong>tulerunt</strong></span> <span class='ocrx_word' id='word_1_297' title='bbox 1016 3383 1077 3435; x_wconf 87' lang='lat' dir='ltr'><strong>turn</strong></span> 
     </span>
    </p>

    <p class='ocr_par' dir='ltr' id='par_1_7' title="bbox 11 3448 1076 3508">
     <span class='ocr_line' id='line_1_37' title="bbox 11 3448 1076 3508; baseline 0.003 -3"><span class='ocrx_word' id='word_1_298' title='bbox 11 3452 13 3475; x_wconf 82' lang='lat'>²</span> <span class='ocrx_word' id='word_1_299' title='bbox 67 3452 99 3505; x_wconf 89' lang='lat' dir='ltr'><strong>ab</strong></span> <span class='ocrx_word' id='word_1_300' title='bbox 113 3453 139 3508; x_wconf 92' lang='lat' dir='ltr'><strong>S.</strong></span> <span class='ocrx_word' id='word_1_301' title='bbox 154 3450 294 3506; x_wconf 89' lang='lat' dir='ltr'><strong>Brandtio</strong></span> <span class='ocrx_word' id='word_1_302' title='bbox 308 3449 339 3505; x_wconf 91' lang='lat' dir='ltr'><strong>in</strong></span> <span class='ocrx_word' id='word_1_303' title='bbox 351 3448 496 3504; x_wconf 88' lang='lat' dir='ltr'><strong>Lactantii</strong></span> <span class='ocrx_word' id='word_1_304' title='bbox 513 3449 674 3505; x_wconf 81' lang='lat' dir='ltr'><strong>divinarum</strong></span> <span class='ocrx_word' id='word_1_305' title='bbox 691 3449 901 3504; x_wconf 88' lang='lat' dir='ltr'><strong>institutionum</strong></span> <span class='ocrx_word' id='word_1_306' title='bbox 915 3451 1076 3508; x_wconf 87' lang='lat' dir='ltr'><strong>recensione</strong></span> 
     </span>
    </p>

    <p class='ocr_par' dir='ltr' id='par_1_8' title="bbox 11 3484 1112 3673">
     <span class='ocr_line' id='line_1_38' title="bbox 11 3484 1095 3597; baseline 0.005 -22"><span class='ocrx_word' id='word_1_307' title='bbox 11 3484 16 3597; x_wconf 63' lang='grc' dir='ltr'>ι</span> <span class='ocrx_word' id='word_1_308' title='bbox 65 3528 162 3578; x_wconf 82' lang='lat' dir='ltr'><strong>a.1890</strong></span> <span class='ocrx_word' id='word_1_309' title='bbox 177 3522 312 3593; x_wconf 76' lang='lat' dir='ltr'><strong>evulgata</strong></span> <span class='ocrx_word' id='word_1_310' title='bbox 322 3539 352 3590; x_wconf 89' lang='lat' dir='ltr'><strong>p.</strong></span> <span class='ocrx_word' id='word_1_311' title='bbox 363 3519 466 3588; x_wconf 67' lang='lat' dir='ltr'><strong>exeso.</strong></span> <span class='ocrx_word' id='word_1_312' title='bbox 483 3524 512 3577; x_wconf 88' lang='lat' dir='ltr'><strong>et</strong></span> <span class='ocrx_word' id='word_1_313' title='bbox 527 3528 578 3578; x_wconf 83' lang='grc'><strong>633</strong></span> <span class='ocrx_word' id='word_1_314' title='bbox 593 3521 675 3580; x_wconf 87' lang='lat' dir='ltr'><strong>novis</strong></span> <span class='ocrx_word' id='word_1_315' title='bbox 691 3521 871 3597; x_wconf 81' lang='lat' dir='ltr'><strong>argumentis</strong></span> <span class='ocrx_word' id='word_1_316' title='bbox 883 3522 1003 3581; x_wconf 71' lang='lat' dir='ltr'><strong>inmuta</strong></span> <span class='ocrx_word' id='word_1_317' title='bbox 1013 3528 1095 3580; x_wconf 66' lang='lat' dir='ltr'><strong>sunt.</strong></span> 
     </span>
     <span class='ocr_line' id='line_1_39' title="bbox 11 3590 1112 3673; baseline -0.011 -15"><span class='ocrx_word' id='word_1_318' title='bbox 11 3600 18 3651; x_wconf 78' lang='grc' dir='ltr'>Ι</span> <span class='ocrx_word' id='word_1_319' title='bbox 67 3594 92 3646; x_wconf 74' lang='lat' dir='ltr'><strong>er,</strong></span> <span class='ocrx_word' id='word_1_320' title='bbox 103 3595 187 3646; x_wconf 65' lang='lat' dir='ltr'><strong>aeram</strong></span> <span class='ocrx_word' id='word_1_321' title='bbox 199 3592 291 3658; x_wconf 75' lang='lat' dir='ltr'><strong>Pauly</strong></span> <span class='ocrx_word' id='word_1_322' title='bbox 305 3593 336 3644; x_wconf 82' lang='lat' dir='ltr'><strong>ee</strong></span> <span class='ocrx_word' id='word_1_323' title='bbox 349 3590 485 3648; x_wconf 75' lang='lat' dir='ltr'><strong>Wissowa</strong></span> <span class='ocrx_word' id='word_1_324' title='bbox 503 3595 814 3673; x_wconf 79' lang='lat' dir='ltr'><strong>‘Realenoyelopadie‘</strong></span> <span class='ocrx_word' id='word_1_325' title='bbox 829 3599 1112 3673; x_wconf 64' lang='lat' dir='ltr'><strong>ipsammaass.</strong></span> 
     </span>
    </p>
   </div>
   <div class='ocr_carea' id='block_1_4' title="bbox 0 0 1195 3908">
    <p class='ocr_par' dir='ltr' id='par_1_9' title="bbox 0 0 1195 3908">
     <span class='ocr_line' id='line_1_40' title="bbox 0 0 1195 3908; baseline 0 0"><span class='ocrx_word' id='word_1_326' title='bbox 0 0 1195 3908; x_wconf 95' lang='lat' dir='ltr'><strong> </strong></span> 
     </span>
    </p>
   </div>
  </div>
 </body>
</html>
