2334 3922
70 199 116 258 vr
155 272 158 278 ,
387 203 591 254 emarcum
609 201 780 254 annosus

79 375 147 431 tam
169 370 268 430 labem
291 371 352 430 iam
369 371 402 428 in
420 369 506 429 libris
524 388 617 428 manu
635 369 754 446 scriptis
773 368 908 429 addendo
920 369 1096 431 omittendo

79 461 228 520 mutando
251 458 461 536 interpolando
484 458 620 518 traxerit.
661 459 726 516 arte
750 461 853 517 autem
875 459 1098 536 typographica

78 550 207 611 inventa
238 549 395 609 calamitas
428 548 520 607 etiam
552 550 643 606 aucta
675 549 729 606 est.
775 565 844 605 curn
874 548 953 606 enim
985 547 1012 607 is
1042 549 1096 625 qui

80 638 245 698 editionem
271 637 437 715 principem
459 636 584 696 Parisiis
612 654 689 695 anno
716 635 779 695 fere
806 634 1017 696 MOCOOLXX
1044 655 1096 696 cu·

78 727 161 787 ravit
183 727 316 787 codicem
338 729 375 785 ut
398 725 433 785 fit
460 725 607 803 pessimae
630 727 721 784 notae
744 724 842 801 operis
866 725 1095 786 describendum

80 807 297 896 tradidisset¹),
320 834 340 875 a
357 814 430 877 viris
454 813 580 874 eruditis
603 813 657 892 qui
678 816 749 890 post
771 833 841 873 eum
858 814 948 874 Floro
972 834 1096 891 operam

79 908 232 966 navarunt
253 922 352 981 pauca
375 903 534 963 emendata
556 903 653 963 multo
674 902 765 979 plura
785 903 871 964 novis
888 903 972 963 vitiis
991 904 1094 963 detur-

78 997 152 1070 pata
185 996 270 1071 sunt,
302 993 397 1052 donec
430 991 583 1054 duumviri
614 990 759 1053 Claudius
792 991 969 1070 Salmasius,
1007 994 1096 1062 cuius

79 1084 281 1157 aestuationes
303 1081 397 1141 Ianus
416 1080 565 1142 Gruterus
583 1080 699 1159 publici
716 1080 792 1140 iuris
811 1081 892 1159 fecit,
916 1083 947 1140 ct
964 1081 1095 1142 Ioannes

77 1171 302 1231 Freinshemius
338 1170 542 1230 recensionem
579 1174 671 1248 atque
708 1170 946 1229 emendationem
982 1171 1095 1230 mirum

79 1263 228 1338 quantum
254 1261 477 1337 promoverunt.
527 1259 577 1318 hic
605 1259 685 1318 enim
713 1259 835 1336 egregia
861 1258 1006 1318 historiae
1034 1260 1096 1320 Ro·

77 1367 185 1408 manae
210 1352 242 1408 et
259 1349 382 1427 linguae
401 1347 528 1408 Latinae
552 1348 722 1426 cognitione
746 1347 880 1407 imbutus
903 1347 994 1425 plura
1015 1349 1097 1410 vitia

78 1438 205 1498 sustulit
231 1456 323 1517 quam
351 1437 512 1517 quisquam
542 1440 718 1516 antaeum,
745 1437 797 1496 ille
820 1455 880 1495 non
903 1437 1003 1496 solum
1024 1458 1095 1516 per·

77 1531 181 1604 specta
207 1526 319 1586 codicis
341 1526 504 1587 Nazariani
525 1526 675 1605 bonitate,
705 1526 758 1587 sed
782 1525 874 1586 etiam
898 1526 1023 1586 alterius
1046 1547 1096 1586 re-

77 1615 225 1677 censionis
248 1615 386 1695 vestigiis
410 1615 492 1693 apud
508 1615 668 1679 Iordanem
687 1615 813 1676 detectis
832 1615 966 1675 firmiora
983 1616 1095 1675 funda-

75 1707 179 1764 menta
214 1704 287 1764 iecit
328 1705 439 1784 quibus
478 1704 647 1764 emendatio
683 1705 871 1765 inniteretur.
927 1723 1002 1782 quos
1040 1706 1096 1784 qui

77 1793 232 1853 subsecuti
266 1797 338 1853 sunt
369 1793 428 1855 viri
460 1794 573 1854 eruditi
599 1793 710 1855 Batavi
742 1796 773 1853 et
801 1791 942 1852 Germani
970 1799 1097 1870 praeter

75 1882 100 1940 I.
134 1880 169 1943 G.
200 1880 373 1961 Graeciam,
405 1881 459 1960 qui
489 1883 604 1959 primus
635 1882 760 1943 Florum
791 1883 888 1960 magis
920 1883 1096 1944 rhetoribus

76 1989 169 2050 quam
191 1971 344 2033 historicis
367 1972 585 2031 accensendum
609 1989 673 2031 esse
697 1970 843 2049 ostendit,
870 1989 968 2049 neque
990 1991 1094 2032 recen·

76 2060 168 2120 sendo
191 2079 290 2141 neque
314 2060 490 2139 explicando
513 2061 646 2121 multum
670 2060 897 2138 praestiterunt
943 2062 1097 2139 regnabat

76 2149 172 2228 igitur
203 2152 236 2210 et
266 2149 353 2210 anxie
386 2149 565 2210 servabatur
594 2149 627 2210 in
658 2150 715 2211 hoc
743 2169 864 2226 quoque
896 2149 1094 2226 antiquitatis

75 2241 270 2300 monumento
293 2239 422 2316 vulgata
448 2238 503 2298 illa
530 2257 608 2317 quae
635 2239 793 2299 dicebatur
818 2238 908 2298 lectio
932 2257 1029 2316 usque
1052 2240 1094 2299 ad

77 2325 109 2386 O.
131 2327 331 2407 Lachmanni,
358 2327 539 2390 immortalis
561 2328 633 2404 viri,
663 2330 803 2388 aetatem.
848 2327 874 2387 is
898 2328 977 2387 enirn
1000 2328 1093 2410 Floro

75 2434 136 2476 nou
159 2419 281 2477 tantum
301 2418 369 2479 viae
392 2420 424 2477 et
445 2417 572 2478 rationis
596 2435 657 2497 qua
679 2419 796 2477 veteres
819 2417 979 2493 scriptores
1002 2417 1092 2477 eden·

76 2503 130 2564 dos
163 2522 227 2567 esee
259 2505 403 2566 docuerat
435 2506 572 2582 exemplo
600 2506 730 2584 profuit,
762 2505 815 2566 sed
842 2506 958 2566 sciebat
984 2507 1016 2565 in
1046 2507 1091 2566 bi·

75 2593 229 2653 bliotheca
255 2592 484 2672 Bambergenei,
517 2613 595 2672 quae
622 2598 696 2655 tune
724 2613 793 2654 cum
819 2595 949 2654 maxime
976 2595 1092 2655 laeclrii

75 2681 225 2741 laudabili
254 2700 346 2759 opera
372 2682 508 2743 virorum
535 2683 692 2744 doctorum
724 2683 834 2744 studiis
865 2684 1089 2760 recludebatur,

76 2770 210 2831 codicem
243 2771 359 2833 servari
396 2771 481 2831 cuius
519 2791 575 2850 ope
606 2773 715 2833 Florus
746 2772 906 2851 insigniter
938 2773 1091 2834 emendari

75 3025 106 3065 aa
129 3009 196 3065 stilo
218 3008 350 3065 Floriano
374 3009 545 3080 descriptam
564 3012 682 3069 Florum
707 3012 900 3069 Germanicum
923 3013 1088 3082 appellavit.

75 3080 125 3149 qui
152 3080 228 3136 liber
254 3080 405 3151 septimum
427 3081 557 3139 Dantisci
584 3101 658 3139 auno
680 3083 886 3139 MDCXXXXII
908 3101 1023 3139 recusus
1046 3088 1091 3140 est

75 3154 104 3207 et
136 3150 328 3220 quinquennio
359 3153 424 3221 poet
451 3151 617 3210 Germanice
643 3172 740 3211 versus
768 3157 881 3210 etcum
905 3155 1090 3225 inscriptione

74 3223 259 3349 eEdlrpcucumr
279 3223 421 3280 Tcutectcr
439 3224 543 3281 ituras
555 3225 760 3282 Amstelodami
779 3227 856 3296 apud
873 3226 903 3282 L.
917 3226 1089 3286 Elzeririum

135 3310 176 3349 ua.

147 3367 173 3434 1)
197 3364 304 3436 pariter
331 3382 394 3420 cum
418 3368 567 3436 poetarum
584 3367 755 3424 nostratium
775 3369 883 3439 ‘opera’
908 3369 986 3439 typis
1009 3386 1089 3440 repe·

72 3438 213 3506 terantur,
237 3436 360 3506 pessima
382 3439 412 3492 et
433 3437 629 3496 recentissima
652 3455 781 3508 quaeque
805 3439 978 3510 exemplaria
1000 3444 1088 3509 atque

73 3507 145 3562 adeo
164 3523 207 3576 ea,
225 3507 327 3576 quibus
346 3525 363 3563 a
376 3507 525 3579 plagiariis
540 3509 705 3580 turpissima
717 3511 821 3566 menda
834 3512 971 3582 adspersa
984 3515 1088 3582 essent,

72 3577 159 3631 erclis
178 3579 286 3634 tradita
305 3596 366 3635 esee
384 3582 504 3636 constat.
