2334 3922
108 155 130 208 L
420 156 622 209 PRAEFATIO
641 156 811 209 snlroms

65 308 70 367 1
110 343 142 384 00
160 323 338 383 historicum
355 322 512 399 putaverit
529 322 743 400 verissimeque
762 322 876 382 dictum
896 325 979 381 0010
999 322 1125 400 Sigonio

69 418 74 467 1
110 413 322 472 declamatoris
351 412 410 472 sibi
436 431 496 473 non
519 411 755 489 1101001010ρο0
779 411 971 472 0100011001.
1017 411 1125 490 itaque

110 520 164 579 pro
194 502 328 562 oratione
355 502 405 562 vel
427 500 530 577 potius
560 500 777 561 declamatione
800 500 972 562 habendum
995 503 1125 560 estnon

109 609 165 667 pro
198 590 362 649 enchiridio
389 589 531 650 historico
559 608 657 667 neque
685 591 819 649 multum
846 607 967 650 curasse
995 589 1127 667 scriptor

110 680 232 741 ridetur
258 684 363 739 utrum
391 678 594 756 eloquentiam
623 679 656 736 in
678 680 735 738 hac
758 678 886 738 materia
909 683 1063 738 exerceret
1087 698 1125 736 an

110 770 141 829 in
156 767 384 846 quaestionibus
399 767 557 828 rhetoricis
569 768 656 828 velut
669 767 701 826 in
714 768 769 827 illa
782 786 861 844 quae
875 770 922 827 001
936 767 972 826 10
986 767 1126 845 Vergilio

112 862 229 919 oratore
253 877 292 917 an
314 860 414 934 poeta.
455 857 511 916 hoc
534 860 635 917 tamen
659 855 825 918 cavendum
843 859 945 916 00100
965 856 1125 916 oblivisca-

110 967 179 1007 mur
202 946 276 1007 soite
300 949 331 1006 01
352 945 507 1024 ingeniose
526 945 650 1005 Florum
671 964 736 1004 rem
759 963 845 1004 suam
867 944 1126 1006 administravisse

112 1040 143 1096 01
174 1055 206 1095 00
239 1053 313 1095 vera
343 1034 376 1093 id
407 1034 489 1111 quod
515 1035 547 1093 in
574 1035 763 1111 praefatione
790 1053 822 1094 00
850 1034 1029 1094 offecturum
1059 1051 1126 1094 0000

112 1124 254 1201 sperabat
277 1127 473 1184 consecutum
496 1141 561 1183 0000
583 1126 620 1182 01
643 1117 715 1183 ‘nou
737 1123 813 1182 nihil
836 1123 876 1182 ad
893 1122 1127 1183 admirationem

111 1213 255 1293 principis
278 1212 385 1289 populi
407 1205 579 1272 conferret'.
618 1211 727 1271 merito
751 1213 831 1271 enim
853 1215 923 1288 post
944 1213 967 1272 I.
986 1211 1010 1272 I.
1030 1211 1126 1271 Scali-

111 1322 233 1381 gerum,
262 1302 316 1379 qui
339 1300 476 1378 quamvis
499 1301 583 1360 illius
607 1320 743 1361 errorum
765 1300 841 1361 beno
864 1320 977 1379 gnarus
1000 1301 1128 1361 Florum

112 1386 231 1470 ‘argute
260 1394 290 1450 01
318 1383 459 1450 0010010’
488 1389 642 1466 scripsisse
665 1381 899 1471 0000ᾱί00011),
928 1393 959 1450 01
987 1393 1059 1468 post
1082 1388 1128 1450 Ol.

113 1480 303 1558 salmasium,
332 1479 385 1557 qui
412 1473 690 1557 ‘elegantissimam’
720 1478 885 1555 epitomem
911 1471 1129 1560 appellavit²)‚

112 1570 135 1630 Ι.
144 1568 274 1647 Lipsius,
290 1587 349 1646 quo
363 1568 415 1629 vix
429 1568 591 1645 quisquam
605 1571 767 1643 argenteae
776 1567 953 1628 Latinitatis
963 1568 1128 1645 scriptores

111 1658 219 1717 melius
243 1660 434 1735 cognoverat,
457 1657 532 1717 haec
555 1656 592 1717 de
616 1675 650 1717 eo
674 1657 827 1733 professus
851 1649 943 1739 est³):
973 1650 1128 1735 ‘compen-

112 1747 196 1805 dium
218 1765 278 1806 non
300 1751 364 1805 tam
386 1745 475 1824 Livii,
498 1764 517 1804 a
540 1765 599 1823 quo
624 1764 714 1822 saepe
737 1745 886 1824 dissentit,
910 1764 1003 1823 qnam
1024 1765 1130 1806 rerum

112 1836 316 1895 Romanarum
343 1834 476 1910 scripsit:
510 1835 536 1894 si
563 1834 637 1912 quid
659 1834 719 1895 mei
741 1834 847 1894 iudicii
869 1837 931 1912 001,
959 1834 1127 1912 composite

114 1925 223 1983 diserte
256 1925 421 2001 eleganter.
471 1923 637 1983 subtilitas-
660 1922 781 2000 quidem
811 1926 842 1983 et
869 1923 1003 1985 brevitas
1030 1924 1064 1983 in
1091 1943 1128 1984 oo

113 2032 202 2090 saepe
231 2013 308 2071 mira
331 2014 361 2071 01
384 2013 602 2073 sententiarum
626 2012 773 2089 quaedam
795 2013 965 2090 gemmulae
989 2031 1060 2071 cum
1081 2012 1128 2072 iu-

112 2103 190 2162 dicio
214 2102 344 2161 insertae
369 2104 400 2161 ot
421 2095 571 2162 veritate'.
608 2101 664 2160 hoo
687 2119 758 2160 sano
781 2101 880 2161 100011
897 2101 1020 2178 Lipsius
1045 2101 1129 2180 quod

114 2190 261 2252 Graevius
288 2190 424 2250 acerbius
452 2191 484 2249 in
506 2191 596 2250 Floro
621 2189 788 2268 exagitavit
811 2209 881 2249 eum
907 2190 1009 2250 studio
1037 2191 1127 2251 lumi·

112 2280 201 2340 nibus
224 2279 380 2340 rhetoricis
404 2280 569 2341 orationem
594 2297 689 2356 usque
713 2298 833 2356 quaque
856 2279 1065 2357 distinguendi
1087 2279 1127 2338 ad

113 2370 230 2446 ineptas
254 2369 400 2446 quasdam
423 2372 455 2428 et
476 2374 616 2430 ventosas
635 2367 816 2445 hyperbolae
835 2387 866 2428 se
886 2367 984 2444 abripi
1001 2387 1126 2444 pessum

114 2477 191 2535 0000,
219 2457 271 2516 001
298 2476 454 2517 commune
482 2459 509 2516 ei
536 2458 593 2517 hoc
619 2457 730 2519 vitium
758 2460 804 2517 est
831 2476 899 2517 cum
927 2457 1034 2517 multis
1058 2457 1126 2516 aliis

114 2545 310 2629 scriptoribus
329 2547 446 2605 Latinis
467 2546 655 2623 maximeque
674 2565 742 2605 cum
757 2545 898 2618 Aunesis,
917 2565 1047 2623 quorum
1066 2564 1125 2605 non

114 2636 211 2695 multo
235 2638 304 2694 ante
328 2653 397 2693 oum
421 2652 538 2693 summa
561 2639 626 2695 0001
648 2636 822 2713 0001001100,
849 2635 962 2695 Seneca
984 2639 1073 2712 patre
1096 2638 1126 2694 01

114 2724 178 2783 filio
211 2727 243 2782 01
273 2723 404 2782 Lucano.
450 2726 607 2798 praeterea
639 2725 728 2802 longe
759 2723 980 2801 frequentiores
1013 2724 1036 2782 ii
1068 2722 1125 2784 loci

115 2817 187 2872 sunt
219 2811 328 2889 quibus
357 2812 463 2871 Florus
497 2811 613 2871 sincera
643 2812 750 2889 populi
779 2814 827 2872 sui
854 2813 1054 2873 admiratione
1081 2812 1125 2871 in-

188 3036 214 3102 1)
233 3033 270 3087 ad
288 3033 404 3088 Eusebii
424 3034 543 3091 chronic.
564 3053 588 3090 0.
609 3034 845 3091 MDCOCCLXIV.

187 3108 214 3174 2)
232 3104 315 3159 initio
334 3105 518 3174 praefationis
538 3106 671 3161 editionis
690 3106 767 3161 rlori
786 3110 815 3162 et
833 3106 965 3177 Ampelii.

186 3179 213 3245 3)
234 3176 597 3247 ε1100100000111).Πο00.
615 3184 639 3233 5.
668 3179 744 3246 quod
763 3178 839 3233 idem
856 3178 971 3233 Florum
990 3178 1128 3248 ‘Hispana

116 3248 203 3302 fuisse
227 3247 345 3318 origine'
374 3247 506 3315 coniecit,
534 3266 640 3303 memor
665 3249 742 3303 haud
766 3249 851 3304 dubie
873 3249 929 3304 fuit
951 3249 1046 3304 leudis
1072 3266 1128 3318 qua

116 3320 181 3373 les
211 3322 239 3374 01
266 3326 300 3373 34
328 3319 401 3373 1000
426 3319 600 3389 provinciam
622 3337 689 3390 prae
716 3320 815 3375 ceteris
839 3323 928 3376 ornat.
952 3320 1128 3390 probabilius

116 3394 212 3444 tamen
235 3393 278 3444 est
301 3391 377 3459 quod
400 3389 431 3444 0.
451 3389 623 3445 Ribbeckius
646 3392 751 3446 frustra
779 3408 797 3446 a
820 3391 1033 3462 Schmidingero
1057 3391 1084 3463 (l.
1104 3408 1128 3446 c.

116 3479 142 3531 p.
161 3465 220 3529 787)
235 3460 417 3531 impugnatus
432 3462 589 3516 Tarracone
603 3461 755 3532 epitomam
770 3462 954 3533 compositam
969 3480 1030 3518 esse
1044 3467 1129 3534 putat

116 3531 307 3602 (‘Gosohiohte
326 3532 351 3587 d.
371 3539 438 3588 rom.
458 3531 613 3603 Dichtung'
636 3533 675 3587 III
693 3552 720 3602 p.
737 3538 806 3604 318).
