2334 3922
377 183 581 235 PRAEFATIO
599 182 770 234 EDITORIS
978 181 1081 236 XXXV

59 352 139 411 tiore
167 349 302 426 nomine,
332 366 456 423 capreae
481 349 585 426 posuit
611 350 763 426 pauloque
791 350 918 409 inferius
944 342 1000 431 (vs.
1023 344 1079 434 19)

62 443 166 500 certus
190 440 310 499 nullum
334 439 417 498 aliud
435 438 548 498 flumen
567 457 637 499 cum
654 439 811 514 Euphrate
831 440 974 517 coniungi
991 459 1080 517 posse

59 530 119 589 nisi
142 528 299 607 Trigidem
326 530 410 602 iipris
437 529 514 601 qaod
541 529 669 600 eafrates
695 547 750 604 pro
776 528 889 587 Tiberis
917 531 993 602 qaod
1015 531 1080 590 Ea-

57 620 189 692 ptratea
236 616 347 676 similia
370 619 442 677 sunt
465 617 546 693 quod
570 615 592 676 0
614 637 643 693 p.
662 619 718 694 81,
739 620 780 676 20
809 637 845 676 ex
872 618 991 677 nomine
1015 619 1078 677 Nu-

60 708 199 768 mantino
222 707 413 780 Meparaaiec
441 705 570 782 quodB
597 705 690 764 habet
713 707 841 780 Megara
869 708 941 765 ciete
971 708 1079 786 effecit,

61 818 89 873 p.
109 798 208 875 77,2
238 815 273 854 ex
302 794 415 855 Graeco
442 796 533 854 Diaei
560 786 654 877 (alimei
681 795 706 853 B
735 795 878 872 deceptus
910 796 1032 855 litterae
1060 817 1080 856 a

61 887 159 951 forma
174 888 282 962 aperta
310 886 457 962 dipaiiate,
476 905 505 961 p.
521 887 572 962 91,
589 887 629 944 18
646 904 681 943 ex
694 884 828 943 fluminis
842 885 961 944 nomine
975 883 1080 944 Atesim

63 968 153 1053 (adae
175 977 234 1034 aaa
254 973 280 1032 Β
318 975 359 1033 ad
380 974 474 1033 hostes
496 975 537 1049 im,
560 994 588 1049 p.
612 976 683 1049 106,
704 977 721 1033 9
747 992 784 1032 ex
801 974 943 1033 Helvetiis
966 994 1079 1051 gnarus

62 1064 204 1125 videlicet
226 1081 297 1123 mox
315 1062 428 1138 Belgas
451 1064 613 1122 memorari
631 1063 767 1137 Belpetis.
804 1066 910 1123 contra
928 1064 953 1121 B
972 1064 1005 1122 in
1022 1064 1079 1124 hoc

10 1222 13 1231 ,
64 1172 171 1232 genere
199 1153 298 1211 multo
325 1151 423 1211 levius
450 1151 588 1228 peccavit
617 1153 883 1228 velutp.107,7
908 1152 962 1211 ubi
984 1155 1080 1213 Iada-

64 1245 205 1302 aenaim
232 1242 265 1299 in
291 1242 412 1300 molatio
434 1259 546 1309 marae,
574 1239 646 1300 ibid.
669 1237 823 1300 Ambiorix
845 1241 877 1300 in
901 1244 995 1301 ambio
1018 1261 1080 1312 rea,

64 1350 104 1393 vs.
125 1334 166 1390 12
189 1329 303 1390 Cottam
324 1330 357 1388 in
379 1330 455 1404 qaod
477 1334 538 1390 ima
559 1330 699 1391 mutavit.
728 1349 798 1389 nam
817 1330 898 1406 quod
915 1352 945 1408 p.
965 1334 1016 1408 82,
1038 1335 1078 1391 24

65 1418 223 1482 neuutO
246 1420 362 1496 caeliae,
385 1419 591 1495 Hispanorum
613 1419 696 1478 illius
720 1437 754 1478 ea
776 1421 921 1492 frameam
940 1423 1078 1499 patienia,

64 1510 247 1571 mentionem
274 1509 360 1585 feeit,
393 1509 446 1568 sed
473 1509 608 1582 praellae
637 1509 706 1568 inde
733 1508 856 1569 videtur
882 1510 1080 1585 repetendum

62 1599 229 1677 essequod
250 1598 283 1656 in
301 1598 465 1675 archetypo
483 1615 541 1671 pro
566 1589 823 1677 (·i·proprimm
844 1594 962 1676 mamea)
987 1618 1079 1675 appo-

62 1691 156 1750 situm
179 1680 380 1766 invenerat1).
419 1705 491 1764 ergo
515 1687 626 1745 iterum
649 1687 763 1746 libriB
787 1686 914 1746 scribam
935 1689 1080 1748 sermonis

62 1777 165 1838 muni
195 1777 284 1837 valde
317 1776 427 1854 exigua
463 1775 636 1853 cognitione
673 1776 826 1835 imbutum
857 1776 994 1837 videmus
1026 1778 1081 1855 qui

62 1868 137 1928 satis
161 1865 294 1925 fideliter
321 1865 455 1942 quaein
482 1864 646 1941 archetypo
670 1865 827 1925 invenerat
856 1866 1079 1942 transcriberet,

62 1957 190 2017 alterius
218 1954 400 2015 recensionis
431 1958 586 2014 auctorem
617 1955 709 2030 paulo
743 1955 857 2014 maiore
889 1974 944 2013 nec
977 1959 1079 2014 tamen

61 2046 160 2106 solida
183 2044 323 2104 doctrina
349 2045 535 2102 instructum
566 2043 619 2120 qui
642 2044 764 2103 nomina
786 2044 886 2102 minus
910 2044 1025 2102 usitata
1047 2046 1079 2102 in

61 2136 184 2194 notiora
206 2136 262 2192 ant
283 2133 315 2191 in
338 2133 488 2193 voeabula
505 2128 617 2191 similia
634 2135 776 2191 mutaret.
813 2133 967 2191 interdum
986 2132 1079 2191 etiam

61 2223 165 2282 minus
182 2224 257 2282 nota
274 2241 328 2298 pro
347 2222 428 2281 notis
447 2221 608 2281 substituit
626 2222 712 2281 velut
729 2241 757 2297 p.
778 2224 829 2298 44,
852 2223 891 2279 12
912 2223 1079 2280 sardiniam

62 2313 264 2384 neumamque
287 2313 313 2370 ei
335 2329 484 2370 caesaram
508 2329 563 2385 pro
586 2310 760 2370 Sardiniam
783 2312 984 2383 adaeaamqae
1009 2309 1079 2369 Oce-

59 2404 164 2461 eieam.
205 2403 361 2474 praeterea
384 2418 454 2458 cum
477 2401 595 2458 constet
618 2402 735 2460 veteres
758 2400 789 2457 in
813 2399 985 2458 nominibus
1008 2419 1078 2477 pro-

58 2491 135 2567 priis
160 2487 325 2548 scribendis
357 2507 417 2548 non
441 2507 476 2546 ea
499 2507 560 2564 qua
582 2507 662 2546 nunc
685 2489 802 2547 utimur
824 2488 984 2566 diligentia
1006 2508 1078 2549 usos
1102 2484 1106 2494 ’

59 2598 135 2657 esse,
167 2578 297 2636 maxime
330 2577 496 2636 cavendum
529 2577 601 2635 duxi
633 2597 670 2636 ne
704 2597 722 2636 a
753 2577 901 2637 librorum
930 2579 1077 2638 memoria

60 2669 126 2728 sine
151 2666 269 2726 idoneis
296 2667 395 2726 causis
422 2666 612 2725 discederem.
649 2667 694 2726 ita
716 2667 805 2726 facile
828 2667 895 2726 fieri
916 2669 1020 2744 potuit
1043 2672 1079 2727 ut

57 2757 171 2818 Florus
204 2754 278 2814 alibi
309 2755 425 2815 Salacii
456 2751 500 2831 (p.
524 2757 575 2831 49,
601 2746 635 2834 9)
668 2758 699 2815 et
730 2757 914 2816 Dalmatiam
947 2753 1012 2834 (94,
1041 2749 1077 2838 4)

58 2846 135 2907 alibi
157 2845 275 2904 amaa·
296 2836 339 2925 (p.
360 2848 415 2922 89,
444 2848 477 2922 9)
502 2847 532 2903 et
554 2845 709 2904 Delmatae
732 2839 773 2922 (p.
796 2848 868 2923 169,
889 2850 920 2922 9;
952 2849 1024 2921 171,
1040 2842 1077 2926 4)

59 2934 207 2995 scriberet
239 2937 270 2992 et
299 2934 388 2994 modo
420 2934 518 2992 forma
546 2931 676 2992 Araerai
704 2927 745 3013 (p.
768 2937 919 3011 109,14;
946 2938 1021 3011 110,
1042 2930 1076 3010 8)

59 3024 151 3085 modo
175 3020 289 3081 Araeai
311 3013 354 3104 (p.
375 3025 424 3095 89,
447 3015 502 3103 11)
521 3025 666 3082 uteretur.
699 3042 792 3099 quare
812 3024 903 3082 etiam
922 3044 949 3098 p.
967 3025 1017 3098 83,
1035 3024 1076 3081 10

60 3113 275 3187 Rboeeopeaem
293 3113 494 3190 appellavisse
508 3111 628 3172 videtur
643 3112 696 3188 qni
716 3112 797 3188 apud
812 3113 968 3170 Valerium
981 3111 1075 3168 Maxi-

60 3223 145 3263 mum
186 3201 380 3275 Rboetepeaes
419 3201 501 3278 apud
537 3200 710 3278 Appianum
747 3197 911 3281 Ρητογένης
949 3203 995 3258 est
1033 3191 1074 3281 (v.

59 3312 87 3368 p.
102 3281 278 3371 xxxiv)²)
296 3295 328 3350 et
344 3312 373 3368 p.
390 3293 462 3367 109,
483 3293 500 3350 9
522 3290 733 3366 exscriptoris
753 3292 880 3350 easaella
900 3282 954 3368 (Β)
975 3292 1006 3347 et
1028 3307 1075 3348 ea·

61 3419 276 3430 .-.———--

134 3499 160 3566 1)
178 3513 204 3551 a.
225 3495 321 3550 adnot.
341 3496 378 3549 ad
396 3500 555 3564 p.161,16.

133 3571 160 3638 2)
178 3584 274 3622 veram
287 3565 408 3621 nominis
423 3566 542 3620 formam
554 3565 665 3620 Paridis
681 3565 805 3636 epitoma
819 3565 955 3636 servavit,
965 3563 1080 3622 Valerii

840 3657 873 3713 Q*
