2334 3922
113 165 157 232 64
477 169 588 220 suom
605 168 767 223 urruoua

113 343 207 395 terem
241 342 349 394 statum
382 332 525 412 reddidit,
557 339 591 392 ut
617 331 733 410 legibus
761 334 873 392 viveret
900 334 963 392 suis
993 338 1023 392 et
1051 333 1129 391 avita

62 435 95 482 14
113 423 250 483 libertate
278 423 436 482 frueretur.
483 438 557 499 quae
587 420 705 500 gaudia,
734 439 808 499 quae
832 420 1059 486 vociferationes
1082 421 1128 480 lu·

115 518 215 591 erunt,
242 529 309 571 cum
332 511 388 570 hoc
411 510 487 569 forte
511 508 638 568 Nemeae
662 511 694 568 in
717 509 832 569 theatro
856 508 1128 588 quinquennalibus

114 599 192 660 Indis
216 619 232 658 a
255 616 401 678 praecone
425 597 595 659 caneretur!
638 615 696 676 quo
723 604 874 658 certavere
898 596 1018 676 plausui
1057 597 1128 676 quid

63 701 96 748 11
115 689 222 748 florum
255 690 287 747 in
320 686 472 748 consulem
504 684 714 765 profuderunt!
760 694 790 746 et
822 688 931 746 iterum
959 689 1129 765 iterumque

115 794 293 856 praeconem
326 783 462 855 repetere
495 793 598 834 vocem
630 773 710 834 illam
742 773 884 834 iubebant
916 793 974 853 qua
1005 773 1129 835 libertas

115 865 241 925 Achaiae
264 864 525 944 pronuntiabatur,
548 881 604 923 nec
627 862 712 922 aliter
735 862 786 923 illa
808 862 957 924 consulari
981 865 1130 924 sententia

116 972 204 1032 quam
241 953 475 1013 modulatissimo
513 951 612 1030 aliquo
649 950 789 1012 tibiarum
822 960 872 1012 aut
903 951 1007 1012 fidium
1040 959 1130 1012 cantu

116 1042 298 1102 fruebantur.

200 1270 314 1331 XXIIII.
347 1269 496 1330 BELLVM
520 1269 705 1330 SYRIACVM
728 1269 837 1330 REGIS
861 1268 1048 1330 ANTIOCHI.
1146 1285 1166 1321 1·

32 1410 101 1491 11,8
183 1412 386 1473 Macedoniam
405 1413 504 1471 statim
524 1412 592 1471 Asia
611 1420 641 1471 et
660 1430 760 1490 regem
779 1411 948 1490 Philippum
967 1412 1131 1472 Antiochus

117 1503 234 1580 excepit
258 1500 385 1580 quodam
409 1519 487 1580 casu,
512 1502 596 1579 quasi
620 1500 656 1560 de
679 1500 826 1561 industria
847 1503 889 1560 sic
909 1499 1130 1578 adgubernante

117 1591 235 1650 fortuna
263 1596 296 1649 ut
325 1607 413 1668 quem
441 1588 477 1648 ad
505 1588 626 1664 modum
654 1589 690 1648 ab
716 1588 813 1649 hfrica
841 1591 873 1648 in
895 1588 1058 1669 Europam,
1089 1592 1132 1648 sic

118 1676 154 1738 ab
177 1677 296 1756 Europa
323 1680 354 1737 in
377 1678 475 1737 hsiam
504 1677 582 1737 ultro
607 1695 638 1737 se
664 1678 891 1756 suggerentibus
914 1680 1013 1738 causis
1036 1680 1131 1756 impe·

118 1769 196 1826 rium
223 1767 412 1845 procederet,
442 1774 471 1825 et
499 1784 567 1826 cum
595 1774 742 1826 terrarum
770 1764 851 1826 orbis
880 1767 939 1826 situ
967 1768 1032 1844 ipse
1056 1766 1131 1826 ordo
1147 1783 1167 1818 ι·

83 1867 99 1913 a
118 1857 309 1915 victoriarum
333 1856 492 1933 navigaret.
538 1873 598 1914 non
621 1854 701 1915 aliud
724 1852 944 1915 formidolosius
968 1855 1046 1915 fama
1069 1854 1132 1915 bel-

119 1943 180 2003 lum
204 1945 271 2024 fuit,
301 1945 409 2022 quippe
434 1961 502 2003 cum
524 1942 630 2003 Persas
654 1950 683 2003 et
707 1945 866 2023 orientem,
895 1942 1015 2004 Xerxen
1042 1951 1131 2022 atque

118 2031 238 2092 Darium
262 2034 439 2111 cogitarent,
467 2031 584 2109 quando
607 2033 736 2111 perfossi
759 2033 831 2092 invii
854 2039 983 2112 montes,
1013 2032 1131 2110 quando

84 2134 99 2181 3
119 2120 191 2180 velis
220 2128 357 2199 opertum
381 2137 461 2183 mare
485 2122 680 2180 nuntiaretur.
727 2119 841 2180 adhoc
865 2119 1008 2181 caelestes
1031 2123 1130 2180 minae

100 2209 302 2289 territabant,
325 2227 393 2269 cum
416 2226 519 2268 umore
543 2208 683 2269 continuo
706 2207 855 2269 Cumanus
874 2207 976 2288 hpollo
1001 2209 1156 2269 sudareta

190 2403 204 2449 1
229 2397 330 2450 habita
349 2397 375 2449 L
398 2400 407 2466 n
430 2403 446 2449 2
469 2395 575 2466 gaudia
599 2399 624 2465 (e
643 2403 707 2465 post
721 2398 916 2477 posteriorem
916 2412 934 2449 a
952 2395 1131 2466 deleta)B.

119 2473 258 2521 3nemeae
277 2469 407 2536 (secunda
425 2484 440 2521 e
458 2485 544 2536 supra
562 2484 668 2522 uersum
686 2485 720 2521 m.
740 2470 766 2536 1)
785 2467 820 2521 N
840 2471 844 2537 Ι
869 2465 993 2536 quinque
1018 2466 1131 2522 nulibus

119 2538 146 2590 Β
160 2540 200 2606 114
219 2540 368 2591 caneretur
385 2539 413 2591 Β
429 2539 433 2610 Ι
449 2537 566 2607 plaussu
584 2538 618 2592 N
632 2540 641 2606 ΙΙ
660 2542 675 2590 b
695 2537 838 2592 consulem
856 2540 983 2607 (consu'
971 2555 1004 2592 iu
1020 2542 1131 2607 rasura)

119 2608 147 2660 B
164 2608 349 2679 profuerunt
367 2609 394 2661 Β
412 2610 421 2677 ΙΙ
441 2617 456 2662 o
475 2607 555 2662 illam
573 2624 672 2662 uocem
691 2609 731 2681 0}
747 2607 865 2662 iubebat
885 2609 908 2664 0
917 2610 956 2677 117
976 2608 1131 2663 consularis

120 2679 146 2731 L
160 2683 199 2746 118
218 2678 316 2731 fidium
335 2678 509 2748 (posteriori
527 2697 613 2749 supra
630 2696 736 2735 uersum
750 2698 788 2734 m.
808 2682 838 2749 2)
857 2679 907 2748 ΝΙ
923 2681 1008 2734 cantu
1026 2682 1057 2748 (ιι
1074 2697 1131 2736 ccr-

119 2755 193 2804 recta
216 2767 249 2803 eu
272 2752 298 2818 ο)
318 2751 345 2803 Β
369 2751 482 2804 cantum
505 2752 543 2819 (m
561 2752 696 2820 eupuurit
713 2768 747 2806 m.
768 2755 798 2818 1,
821 2751 918 2805 deiude
935 2766 970 2804 m.
989 2752 1132 2807 ilitterae

120 2821 1131 2974 “111111111111111111111111011111111)

120 2963 252 3016 Halmius
271 2961 369 3015 statim
389 2962 470 3030 Syria
489 2963 694 3018 Freinshemius
709 2964 713 3035 Ι
730 2962 877 3018 anthiocus
892 2964 920 3016 Β
939 2962 1069 3018 antiocus
1084 2964 1110 3016 L
1124 2964 1133 3029 5!

122 3038 154 3086 12
174 3033 299 3101 quadam
316 3033 398 3102 quasi
416 3032 557 3086 industria
572 3034 779 3090 Freinshemius
797 3035 920 3118 quadam
939 3050 1037 3088 cesum
1051 3033 1133 3103 quasi

119 3102 261 3157 iridustria
275 3106 299 3158 I.
313 3104 349 3158 F.
361 3105 516 3160 Gronomus
530 3104 679 3172 quosidem
692 3104 826 3159 dustria'
813 3123 846 3160 m
859 3103 978 3173 quaside
992 3104 1133 3159 industria

119 3177 293 3230 ιιιιι1αιιι1Β1
310 3176 313 3242 Ι
331 3176 365 3228 de
384 3193 434 3230 om.
452 3176 542 3244 01113
562 3177 612 3229 aui
626 3176 675 3243 ΝΙ
692 3176 729 3230 ad
743 3193 793 3231 mu
809 3176 835 3228 L
851 3179 855 3244 Ι
872 3176 908 3229 ab
927 3193 1013 3245 supra
1026 3171 1156 3232 uersum¹

120 3247 147 3299 Β
163 3245 192 3314 Ι
184 3264 214 3299 m
233 3245 363 3300 achaiam
381 3246 435 3299 Β
427 3249 592 3316 meuropam
610 3247 637 3300 L
654 3265 678 3302 o
702 3247 814 3302 Orosius
832 3247 882 3301 IV
894 3250 941 3313 20,
957 3248 1021 3329 1211
1043 3252 1077 3301 14
1096 3247 1133 3301 ab

120 3315 222 3370 achaia
240 3318 268 3370 B
286 3321 295 3387 ΙΙ
317 3322 349 3370 15
369 3317 440 3370 situs
459 3319 487 3370 Β
500 3320 509 3386 ΙΙ
525 3324 557 3372 16
576 3316 650 3371 aliut
668 3318 702 3372 N
711 3321 720 3387 ΙΙ
735 3322 767 3370 11
787 3333 886 3371 xersen
903 3318 931 3370 Β
949 3315 1066 3372 exeisen
1084 3319 1112 3371 L
1129 3319 1131 3369 Ι

121 3387 213 3454 adque
232 3389 260 3440 Β
279 3389 371 3455 adque
389 3389 450 3456 (d'
439 3407 468 3442 in
488 3392 501 3442 1
519 3391 636 3444 mutauit
653 3406 687 3443 m.
703 3390 733 3456 2)
750 3388 784 3442 N
793 3390 802 3457 ll
818 3389 852 3442 18
869 3387 946 3441 niuei
965 3388 992 3441 L
1007 3392 1012 3455 Ι
1027 3388 1133 3443 montis

120 3458 148 3510 Β
162 3460 171 3525 ΙΙ
187 3463 219 3510 19
237 3460 270 3512 ui
287 3459 341 3513 hoc
357 3459 391 3513 N
400 3461 409 3528 l
424 3464 458 3511 20
476 3457 615 3512 terribant
629 3460 657 3512 B
673 3462 677 3527 Ι
693 3459 809 3533 humore
828 3459 909 3528 (hm.
924 3461 954 3528 2)
969 3459 1003 3561 N
1016 3459 1134 3514 humore

118 3527 167 3598 L)
183 3543 317 3596 cymanus
336 3530 362 3582 L
378 3529 382 3602 l
400 3529 531 3583 suaderet
549 3530 582 3583 N
