2334 3922
390 113 591 164 PRAEFATIO
611 112 781 164 EDITORIS
1041 108 1093 162 XV

80 281 225 344 Graevius
253 280 394 339 Dukerus
423 279 588 340 Seebodius
614 279 756 339 meliores
786 278 1008 357 adhibuissent,
1040 279 1093 338 sed

78 372 148 432 satis
172 370 372 448 neglegenter
393 386 492 446 neque
515 372 647 428 aetatem
667 387 770 428 eorum
788 368 981 444 indicassent,
1007 367 1091 428 Aem.

76 459 289 537 Baehrensius,
313 477 403 536 quern
426 456 479 535 qui
502 457 540 517 ob
562 457 682 517 futtiles
705 457 893 517 coniecturas
916 456 1093 533 vituperant

75 569 168 627 saepe
190 567 316 608 numero
340 547 561 607 obliviscuntur
583 546 745 622 protractis
769 545 921 606 codicibus
945 546 998 622 qui
1024 546 1094 605 diu-

73 644 170 700 turno
192 637 258 697 situ
279 636 392 713 sepulti
414 636 571 696 iacuerunt
593 635 630 695 de
654 634 850 712 scriptoribus
873 633 991 693 Latinis
1017 634 1093 694 bene

72 727 234 803 meruisse,
256 720 365 784 ‘musei
378 719 525 784 Rhenani'
543 724 603 786 vol.
617 724 701 783 XXX
715 717 832 804 (1875)
845 744 876 801 p.
892 725 954 784 629
973 726 1096 800 praeter

71 814 283 878 Nazarianurn
314 814 391 874 alios
422 813 556 874 eiusdem
589 813 723 872 familiae
752 830 842 890 quam
871 812 1094 874 vetustissimos

73 904 219 966 adhiberi
240 903 306 962 iure
328 902 497 980 meritoque
519 902 618 964 iussit.
661 902 748 962 cuius
765 901 875 962 moniti
893 920 1007 962 mernor
1026 919 1096 960 cum

72 1013 137 1073 ego
173 993 303 1052 Senecae
334 991 506 1068 philosophi
538 994 569 1052 et
600 990 892 1069 mythographorum
919 990 1096 1050 Latinorum

73 1101 175 1144 causa
201 1080 400 1142 bibliothecas
427 1080 655 1158 perlustrarem,
683 1079 796 1157 ubique
824 1079 917 1141 etiarn
940 1079 1023 1140 Flori
1046 1099 1095 1139 oo·

73 1173 164 1232 dices
184 1169 310 1248 inspexi.
349 1170 430 1229 inter
452 1187 527 1246 quos
551 1187 735 1246 quamquam
757 1169 877 1228 nullum
899 1169 1001 1230 inveni
1027 1188 1096 1228 cum

75 1258 300 1338 Bambergensi
325 1261 490 1337 cognatum
517 1277 681 1335 eorumque
714 1259 767 1335 qui
793 1258 962 1318 Nazariano
989 1257 1096 1317 affines

81 1351 184 1409 esseut
208 1348 340 1408 maxima
367 1366 436 1423 pars
464 1347 503 1407 ad
530 1348 686 1407 saeculum
708 1346 858 1406 decimum
881 1350 1025 1424 quartum
1046 1348 1096 1408 rel

82 1437 225 1515 quintum
246 1437 435 1515 pertinebat,
457 1439 560 1496 tamen
582 1435 721 1495 nonnulli
744 1435 889 1495 extabant
912 1438 1012 1495 aetate
1035 1435 1096 1495 Na·

78 1528 205 1586 zariauo
227 1526 382 1604 propiores
405 1537 503 1604 neque
525 1529 628 1585 tamen
651 1543 686 1583 ex
709 1542 744 1584 eo
768 1523 919 1601 descripti.

151 1614 287 1685 Quorum
313 1615 537 1676 uetustissimus
566 1617 598 1675 et
625 1613 731 1673 ceteris
758 1613 979 1673 multominus
1004 1613 1097 1673 inter·

80 1703 291 1782 potationibus
322 1704 500 1781 inquinatus
532 1706 579 1763 est
610 1702 800 1762 Leidensis
831 1701 1034 1762 Vossianus
1066 1702 1098 1760 in

81 1797 142 1855 oct
165 1794 207 1852 14
231 1784 297 1875 (L).
342 1793 471 1870 scriptus
500 1794 546 1852 est
573 1792 605 1851 in
632 1791 814 1851 membranis
844 1791 951 1850 crassis
974 1795 1006 1850 et
1029 1790 1098 1850 sub·
1112 1806 1131 1845 u

82 1881 179 1942 fuscis
202 1881 316 1941 formae
340 1881 510 1943 octavariae
535 1877 620 1958 (031
638 1889 681 1944 ><
695 1872 786 1963 0,15)
809 1881 923 1940 saeculi
947 1880 1099 1939 undecimi

81 1991 178 2032 manu
201 1971 275 2031 satis
299 1971 447 2048 eleganti,
475 1988 553 2047 quae
583 1969 714 2045 primum
737 1972 905 2029 atramento
929 1969 1099 2046 pallidiore,

84 2080 104 2120 a
135 2059 208 2120 folio
241 2078 313 2121 vero
343 2060 383 2120 25
416 2059 546 2118 fusciore
577 2076 635 2118 usa
665 2061 721 2118 est.
766 2059 872 2117 eadem
900 2058 974 2117 satis
1001 2057 1100 2115 multa

87 2149 170 2206 inter
195 2147 384 2208 scribendum
406 2147 548 2224 correxit,
576 2147 638 2206 alia
660 2149 830 2207 atramento
857 2146 1003 2222 fusciore,
1031 2164 1100 2205 cum

87 2237 151 2295 iam
181 2236 313 2296 codicem
344 2237 383 2296 ad
414 2236 504 2296 finem
535 2235 732 2312 perduxisset.
777 2236 852 2295 folia
880 2237 952 2294 suut
978 2238 1099 2312 septua·
1151 2256 1153 2261 ’

84 2326 174 2404 ginta
191 2329 308 2403 septem
328 2325 496 2402 scripturae
519 2325 680 2384 continuae
703 2328 735 2384 et
756 2323 931 2385 vicenorum
949 2324 1101 2384 hinorum

83 2432 237 2477 versuum.
283 2414 494 2491 inscriptiones
526 2413 673 2474 librorum
705 2417 736 2474 et
768 2412 903 2490 capitum
930 2413 1023 2473 minio
1051 2415 1101 2475 rel

84 2503 156 2563 aliis
180 2503 330 2563 coloribus
347 2503 517 2582 pinguntur
534 2507 565 2563 et
581 2503 680 2580 prima
699 2521 836 2581 quaeque
855 2503 990 2579 capitum
1007 2503 1101 2563 verba

83 2590 263 2652 maiusculis
290 2592 405 2663 ¹litteris
443 2595 614 2652 exarantur.
660 2592 795 2653 continet
828 2594 949 2667 praeter
976 2592 1102 2652 Florum

85 2675 156 2760 (fol
187 2674 318 2762 1—72)
351 2684 467 2758 septem
503 2681 615 2758 primae
647 2681 728 2742 Livii
758 2681 932 2759 periochas,
973 2700 1102 2758 quarum

84 2770 216 2830 ultimae
235 2772 403 2830 extremum
426 2771 618 2830 enuntiatum
641 2763 702 2851 (res
719 2774 875 2844 practerea
900 2801 938 2811 -
964 2761 1100 2851 mattae)

85 2859 234 2920 omissum
256 2861 311 2920 est.
349 2859 413 2938 egit
435 2859 471 2918 de
496 2878 529 2918 eo
553 2859 646 2918 etiam
664 2859 795 2918 Beckius
818 2859 850 2918 iu
873 2854 1102 2920 ‘observationi-

85 2948 144 3008 bus
172 2947 286 3008 criticis
313 2951 345 3007 et
370 2947 630 3026 palaeographicis
658 2949 698 3007 ad
720 2947 803 3007 Flori
830 2941 1004 3024 epitomam’
1032 2948 1102 3023 p.8

86 3041 118 3097 et
142 3036 219 3096 alibi
242 3040 273 3096 et
293 3036 325 3097 in
343 3031 659 3097 ‘commentationibus
678 3032 924 3097 Woelfflinianis'
943 3058 972 3113 p.
989 3038 1102 3113 162sq.

86 3129 249 3203 tantopere
276 3129 381 3195 autern
409 3126 446 3185 ab
468 3126 498 3184 N
525 3126 689 3203 discrepat,
719 3128 757 3185 ut
782 3127 867 3186 nullo
895 3126 983 3185 modo
1007 3143 1044 3183 ex
1067 3143 1102 3185 eo

86 3215 212 3275 fluxisse
234 3214 339 3292 possit,
369 3215 422 3274 sed
443 3215 577 3292 pertinet
599 3216 639 3275 ad
661 3215 795 3275 eiusdem
817 3215 952 3273 familiae
976 3214 1103 3275 alteram

88 3305 229 3382 stirpem,
258 3323 294 3364 ex
321 3304 407 3363 cuius
435 3305 537 3364 codice
565 3306 596 3363 et
625 3304 717 3365 editio
745 3304 884 3381 princeps
912 3305 943 3361 ct
967 3297 1104 3382 ‘vulgata

88 3387 252 3471 scriptura'
275 3392 412 3455 derivata
435 3396 489 3453 est.
517 3392 548 3452 id
571 3393 661 3473 quod,
685 3411 870 3470 quamquam
889 3391 992 3451 eadem
1011 3398 1103 3469 atque

88 3483 142 3542 ille
169 3482 313 3543 foliorum
339 3482 587 3560 transpositione,
615 3484 651 3542 de
682 3500 743 3559 qus
765 3481 845 3540 infra
867 3480 1027 3540 dicendum
1050 3483 1104 3558 est,
