2334 3922
76 195 166 250 XXVI
390 196 589 249 PRAEFATIO
607 197 777 248 EDITORIS

75 383 146 424 cum
167 363 300 425 Antonio
325 365 355 422 et
379 361 540 440 Cleopatra
563 355 608 445 (H
627 357 684 446 21)
707 363 857 440 rebusque
885 363 923 423 ab
946 362 1087 441 Augusto

76 453 170 531 gestis
195 453 224 530 (I
244 443 389 534 22—27)
409 453 447 511 ad
464 453 595 528 priorem
613 452 728 512 fontem
745 453 865 512 rediret.
903 471 1089 530 quamquam

76 545 180 601 autem
198 542 330 602 codicem
349 541 487 601 adhibuit
505 541 580 601 libro
599 542 625 600 B
644 543 741 602 multo
759 541 968 619 vetustiorem,
987 544 1088 602 tamen

75 631 207 707 plurima
229 631 305 690 vitia
329 650 398 690 cnm
421 649 455 690 eo
480 631 649 690 communia
670 631 771 708 babet,
799 649 899 707 pauca
920 625 1087 711 meliora1)‚
1123 676 1126 685 .

75 720 150 779 setis
182 720 280 778 multu
312 738 390 796 quae
423 722 476 778 aut
502 738 562 779 non
589 719 780 780 intellexerat
812 723 867 778 aut
897 719 958 795 ipsi
989 719 1087 780 minua

75 809 237 885 placebant
267 808 395 867 licenter
424 808 595 868 immutata.
639 809 744 886 itaque
770 808 824 866 ubi
851 807 999 867 habemns
1026 808 1086 869 Ior-

75 898 184 956 danem
211 896 322 955 codicis
348 897 445 956 instar
473 902 531 975 est,
559 898 612 956 sed
640 898 733 973 paulo
756 897 877 956 cautius
900 897 1085 957 adhibendus

74 1005 169 1063 quam
200 984 277 1044 liber
308 985 346 1044 ab
378 986 499 1045 indocto
531 986 655 1045 librario
687 986 818 1046 fideliter
850 1005 886 1044 ex
922 986 1085 1064 archetypo

73 1092 242 1151 expressus.
287 1092 356 1132 cum
384 1093 454 1134 vero
478 1075 602 1134 Iahnius
630 1075 726 1134 altero
749 1075 886 1135 Iordanis
910 1075 1014 1135 codice
1037 1094 1085 1152 op·

75 1164 150 1223 timo
182 1158 446 1240 Heidelbergensi,
484 1164 580 1223 altero
613 1164 806 1241 gravissimas
838 1164 1085 1240 interpolationes

74 1271 163 1330 passo
192 1252 378 1329 Pollingensi
408 1269 483 1311 usus
515 1256 607 1328 esset,
638 1253 670 1311 in
701 1253 757 1311 hac
790 1253 923 1312 editione
950 1252 1085 1312 Iordanis
1123 1266 1126 1281 ¹

73 1341 241 1418 exemplari
263 1341 311 1399 uti
333 1341 422 1399 licuit
445 1341 535 1400 a'l‘b
554 1341 749 1418 Mommseno,
771 1342 837 1402 viro
856 1342 1034 1420 clarissimo,
1057 1343 1085 1401 in
1124 1384 1126 1391 -

76 1424 290 1490 ‘monumentis
301 1428 478 1489 Germaniae
493 1424 656 1489 historicis’
671 1423 800 1510 (auctor.
811 1430 969 1506 antiquiss.
981 1430 1086 1490 tomV

72 1538 145 1595 pars
168 1511 197 1600 I)
222 1519 379 1596 evulgato,
407 1518 461 1595 qui
488 1537 566 1595 quae
593 1519 791 1595 praefationis
818 1540 847 1596 p.
871 1519 976 1578 XXIII
986 1537 1030 1597 sq.
1053 1520 1086 1578 de

73 1609 192 1667 ratione
224 1607 393 1683 disputavit
425 1626 486 1684 qua
511 1607 619 1667 Florus
652 1607 805 1667 adhibitus
837 1609 879 1668 sit
910 1608 1088 1686 dignissima

74 1698 158 1756 lectu
181 1700 262 1755 sunt
308 1715 401 1771 quare
426 1696 509 1755 haud
530 1715 629 1773 pauca
651 1697 741 1756 aliter
763 1700 795 1756 et
816 1697 919 1757 verius
942 1697 974 1755 in
997 1698 1087 1757 huius

71 1785 216 1845 editionis
247 1785 434 1844 Iordanianis
472 1785 630 1860 scripturis
664 1786 797 1844 indicata
827 1786 963 1847 invenies
997 1806 1088 1863 qnam

74 1875 158 1950 apud
180 1873 328 1933 Iahnium.
374 1878 508 1934 ceterum
535 1875 580 1934 ita
602 1874 738 1934 Iordanis
765 1874 910 1935 lectiones
937 1875 970 1933 in
999 1876 1089 1936 adno-

74 1964 190 2022 tatione
223 1963 327 2022 critica
360 1963 481 2024 enotavi
507 1967 544 2023 ut
571 1982 631 2022 non
659 1964 826 2024 orationem
854 1982 873 2022 a
898 1964 1086 2026 Mommseno

71 2053 265 2112 emendatam
297 2070 445 2128 sequerer,
478 2052 531 2110 sed
562 2055 598 2111 ut
629 2052 738 2111 menda
767 2071 846 2130 quae
872 2053 905 2110 in
935 2055 1089 2113 communi

71 2142 157 2201 fonte
180 2141 326 2200 librorum
348 2141 386 2199 ab
409 2160 444 2201 eo
463 2141 643 2200 collatorum
660 2142 753 2200 fuisse
771 2141 964 2219 intellegitur
981 2161 1086 2218 qnam·

74 2230 120 2291 vis
144 2231 259 2290 dudum
282 2230 441 2289 emendata
464 2248 734 2290 commemorarem.
772 2249 850 2307 quae
873 2249 942 2289 cum
966 2235 998 2290 et
1020 2232 1088 2308 ipsa

73 2319 149 2377 inB
173 2320 372 2397 reperiantur,
395 2321 451 2378 hoc
474 2336 621 2378 consensu
640 2319 872 2397 Bambergensis
895 2322 926 2379 et
948 2319 1087 2381 Iordanis

72 2575 171 2628 codice
190 2575 220 2628 B.
241 2608 274 2615 —
294 2579 417 2629 ceterum
435 2575 535 2630 missos
554 2576 646 2630 facere
664 2576 732 2631 licet
749 2576 780 2630 in
797 2576 874 2631 Flori
893 2576 960 2630 crisi
981 2577 1090 2648 expila-

72 2649 167 2699 torum
186 2646 355 2714 expilatores
373 2645 452 2699 velut
468 2646 588 2700 Paulum
606 2651 635 2701 et
652 2647 813 2702 Freculfum
837 2648 885 2717 qui
904 2648 1025 2703 Iordane
1043 2648 1089 2703 usi

72 2720 141 2769 sunt
165 2720 193 2770 ct
216 2717 252 2770 ad
278 2716 338 2770 eius
358 2717 444 2770 verba
462 2717 660 2772 constituenda
677 2718 809 2800 religiose
828 2736 846 2772 a
863 2719 1037 2774 Mommseno
1057 2720 1089 2774 in

74 2805 156 2840 usum
178 2787 280 2841 vocati.
317 2790 463 2857 praetcrea
486 2787 553 2842 Otto
571 2788 758 2859 Frisingensrs
777 2789 947 2860 Ragcwinus
965 2791 1086 2846 Ioannes

74 2859 110 2912 de
137 2857 337 2913 Mouasteriolo
368 2858 486 2912 Ioannes
515 2859 733 2915 saresberiensis
766 2861 912 2916 Iannotius
940 2862 1086 2916 Manettus

74 2929 125 2983 alii
143 2929 230 2983 medii
253 2930 316 2984 aevi
339 2929 488 3000 scriptores
511 2948 603 3000 pauca
625 2933 765 3000 quaedam
782 2932 859 2986 Flori
877 2934 966 2986 verba
982 2950 1089 2988 memo·

72 3005 147 3069 rant,
167 3002 217 3055 sed
235 3001 278 3055 ita
296 3003 328 3054 ut
345 3001 417 3055 nihil
454 3002 590 3056 ruebeant
607 3003 684 3072 quod
701 3020 758 3056 non
777 3005 807 3056 et
823 3003 916 3072 ipsum
934 3003 965 3057 in
982 3005 1088 3059 nostris

74 3072 219 3128 codicibus
233 3072 309 3127 insit.
338 3089 371 3126 ac
384 3089 420 3126 ne
434 3020 500 3126 Eine
514 3073 629 3141 quidem
643 3074 719 3142 quod
732 3076 851 3128 Ioannes
865 3074 1087 3130 Sareaberiensis

72 3144 210 3214 polycrat.
228 3144 268 3197 111
288 3149 303 3196 9
322 3147 359 3212 (p.
373 3150 425 3197 495
449 3144 492 3198 ed.
512 3143 619 3214 bligne)
640 3145 671 3198 in
698 3145 734 3198 iis
758 3162 831 3214 quae
854 3162 888 3200 ex
910 3144 988 3200 Flori
1010 3146 1087 3201 bello

72 3215 179 3269 Punico
198 3215 321 3269 secundo
339 3214 422 3268 affert-
443 3215 515 3268 duas
540 3215 675 3270 lectiones
694 3233 758 3269 cum
776 3217 801 3269 A
820 3233 980 3271 communes
998 3217 1089 3272 babet

74 3286 239 3341 concludere
258 3286 326 3340 licet
343 3302 407 3339 enm
425 3285 508 3338 huius
526 3287 696 3341 recensionis
716 3288 812 3342 codice
831 3305 913 3340 usum
937 3304 1007 3343 esse.
1044 3288 1088 3343 ita

74 3357 149 3410 enim
168 3358 221 3412 hae
236 3360 415 3427 comparatae
429 3361 495 3410 sunt
508 3361 545 3426 (p.
561 3365 604 3424 64,
619 3364 653 3412 20
669 3361 699 3412 in
712 3366 829 3413 torrente
848 3360 978 3430 Vercello,
993 3365 1037 3429 58,
1052 3366 1086 3414 21

73 3430 115 3481 rel
133 3433 198 3496 om.)
220 3434 252 3482 nt
276 3428 367 3496 quivis
390 3428 567 3496 maximeque
589 3429 708 3483 Ioannes
731 3429 780 3498 qui
802 3445 958 3499 propensus
982 3433 1026 3486 est
1049 3431 1088 3485 ad

73 3499 245 3554 mutationes
263 3500 293 3553 in
312 3515 360 3553 eas
378 3499 502 3553 incidere
520 3500 652 3568 potuerit.

148 3575 173 3621 ll
191 3589 217 3623 s.
236 3589 263 3640 p.
280 3577 323 3636 12,
338 3577 367 3638 5;
387 3577 429 3638 15,
444 3576 490 3637 203
510 3577 553 3638 20,
568 3578 598 3639 43
616 3579 660 3640 45,
675 3577 700 3625 6.
