<?xml version="1.0" encoding="UTF-8"?>
<!DOCTYPE html PUBLIC "-//W3C//DTD XHTML 1.0 Transitional//EN"
    "http://www.w3.org/TR/xhtml1/DTD/xhtml1-transitional.dtd">
<html xmlns="http://www.w3.org/1999/xhtml" xml:lang="en" lang="en">
 <head>
  <title>
</title>
<meta http-equiv="Content-Type" content="text/html;charset=utf-8" />
  <meta name='ocr-system' content='tesseract 3.04.00' />
  <meta name='ocr-capabilities' content='ocr_page ocr_carea ocr_par ocr_line ocrx_word'/>
</head>
<body>
  <div class='ocr_page' id='page_1' title='image "./lannaeifloriepi04florgoog_0212.png"; bbox 0 0 2334 3922; ppageno 0'>
   <div class='ocr_carea' id='block_1_1' title="bbox 410 181 1091 252">
    <p class='ocr_par' dir='ltr' id='par_1_1' title="bbox 410 181 1091 252">
     <span class='ocr_line' id='line_1_1' title="bbox 410 181 1091 252; baseline 0.018 -17"><span class='ocrx_word' id='word_1_1' title='bbox 410 181 449 250; x_wconf 81' lang='lat'><strong>11,</strong></span> <span class='ocrx_word' id='word_1_2' title='bbox 470 185 510 236; x_wconf 79' lang='lat'><strong>12.</strong></span> <span class='ocrx_word' id='word_1_3' title='bbox 532 185 565 233; x_wconf 85' lang='lat'><strong>13</strong></span> <span class='ocrx_word' id='word_1_4' title='bbox 583 181 657 251; x_wconf 84' lang='lat'>(1111,</span> <span class='ocrx_word' id='word_1_5' title='bbox 678 185 701 237; x_wconf 91' lang='lat'><strong>1.</strong></span> <span class='ocrx_word' id='word_1_6' title='bbox 722 185 757 252; x_wconf 83' lang='lat' dir='ltr'><strong>a).</strong></span> <span class='ocrx_word' id='word_1_7' title='bbox 1028 183 1091 246; x_wconf 85' lang='lat'><strong>139</strong></span> 
     </span>
    </p>
   </div>
   <div class='ocr_carea' id='block_1_2' title="bbox 54 346 1125 1852">
    <p class='ocr_par' dir='ltr' id='par_1_2' title="bbox 54 346 1125 1852">
     <span class='ocr_line' id='line_1_2' title="bbox 78 346 1090 429; baseline 0.002 -21"><span class='ocrx_word' id='word_1_8' title='bbox 78 367 136 427; x_wconf 91' lang='lat' dir='ltr'><strong>que</strong></span> <span class='ocrx_word' id='word_1_9' title='bbox 152 346 251 408; x_wconf 82' lang='lat' dir='ltr'>rabies</span> <span class='ocrx_word' id='word_1_10' title='bbox 265 349 323 408; x_wconf 91' lang='lat' dir='ltr'><strong>iam</strong></span> <span class='ocrx_word' id='word_1_11' title='bbox 337 350 415 407; x_wconf 91' lang='lat' dir='ltr'><strong>intra</strong></span> <span class='ocrx_word' id='word_1_12' title='bbox 429 346 536 408; x_wconf 91' lang='lat' dir='ltr'><strong>urbem</strong></span> <span class='ocrx_word' id='word_1_13' title='bbox 549 347 742 429; x_wconf 78' lang='lat' dir='ltr'>praeluserat,</span> <span class='ocrx_word' id='word_1_14' title='bbox 756 351 842 428; x_wconf 92' lang='lat' dir='ltr'><strong>quasi</strong></span> <span class='ocrx_word' id='word_1_15' title='bbox 856 351 882 409; x_wconf 92' lang='lat' dir='ltr'><strong>si</strong></span> <span class='ocrx_word' id='word_1_16' title='bbox 895 352 1090 429; x_wconf 79' lang='lat' dir='ltr'><strong>experiretur.</strong></span> 
     </span>
     <span class='ocr_line' id='line_1_3' title="bbox 78 435 1089 518; baseline 0.004 -22"><span class='ocrx_word' id='word_1_17' title='bbox 78 436 196 516; x_wconf 90' lang='lat' dir='ltr'><strong>Syllana</strong></span> <span class='ocrx_word' id='word_1_18' title='bbox 223 443 385 515; x_wconf 79' lang='lat' dir='ltr'><strong>tempestas</strong></span> <span class='ocrx_word' id='word_1_19' title='bbox 413 435 515 518; x_wconf 91' lang='lat' dir='ltr'><strong>latius,</strong></span> <span class='ocrx_word' id='word_1_20' title='bbox 542 439 620 498; x_wconf 89' lang='lat' dir='ltr'><strong>iutra</strong></span> <span class='ocrx_word' id='word_1_21' title='bbox 643 436 756 498; x_wconf 92' lang='lat' dir='ltr'><strong>ltaliam</strong></span> <span class='ocrx_word' id='word_1_22' title='bbox 783 445 883 498; x_wconf 92' lang='lat' dir='ltr'><strong>tamen</strong></span> <span class='ocrx_word' id='word_1_23' title='bbox 907 439 1089 500; x_wconf 77' lang='lat' dir='ltr'><strong>detonuerat</strong></span> 
     </span>
     <span class='ocr_line' id='line_1_4' title="bbox 78 525 1124 609; baseline 0.003 -23"><span class='ocrx_word' id='word_1_24' title='bbox 78 526 219 586; x_wconf 80' lang='lat' dir='ltr'><strong>Caesaris</strong></span> <span class='ocrx_word' id='word_1_25' title='bbox 229 525 313 585; x_wconf 84' lang='lat' dir='ltr'><strong>furor</strong></span> <span class='ocrx_word' id='word_1_26' title='bbox 327 533 414 604; x_wconf 93' lang='lat' dir='ltr'><strong>atque</strong></span> <span class='ocrx_word' id='word_1_27' title='bbox 428 525 552 605; x_wconf 88' lang='lat' dir='ltr'><strong>Pompei</strong></span> <span class='ocrx_word' id='word_1_28' title='bbox 565 527 671 586; x_wconf 91' lang='lat' dir='ltr'><strong>urbem</strong></span> <span class='ocrx_word' id='word_1_29' title='bbox 685 526 808 607; x_wconf 90' lang='lat' dir='ltr'><strong>ltaliam,</strong></span> <span class='ocrx_word' id='word_1_30' title='bbox 826 534 930 605; x_wconf 84' lang='lat' dir='ltr'><strong>gentes</strong></span> <span class='ocrx_word' id='word_1_31' title='bbox 944 530 1089 609; x_wconf 93' lang='lat' dir='ltr'><strong>nationes,</strong></span> <span class='ocrx_word' id='word_1_32' title='bbox 1108 541 1124 589; x_wconf 82' lang='lat'><strong>3</strong></span> 
     </span>
     <span class='ocr_line' id='line_1_5' title="bbox 77 613 1090 694; baseline 0.001 -19"><span class='ocrx_word' id='word_1_33' title='bbox 77 622 175 676; x_wconf 91' lang='lat' dir='ltr'><strong>totum</strong></span> <span class='ocrx_word' id='word_1_34' title='bbox 189 614 316 692; x_wconf 92' lang='lat' dir='ltr'><strong>denique</strong></span> <span class='ocrx_word' id='word_1_35' title='bbox 333 633 389 692; x_wconf 93' lang='lat' dir='ltr'><strong>qua</strong></span> <span class='ocrx_word' id='word_1_36' title='bbox 403 613 522 693; x_wconf 92' lang='lat' dir='ltr'><strong>patebat</strong></span> <span class='ocrx_word' id='word_1_37' title='bbox 536 617 695 694; x_wconf 92' lang='lat' dir='ltr'><strong>imperium</strong></span> <span class='ocrx_word' id='word_1_38' title='bbox 707 616 835 694; x_wconf 94' lang='lat' dir='ltr'><strong>quodam</strong></span> <span class='ocrx_word' id='word_1_39' title='bbox 845 618 930 694; x_wconf 90' lang='lat' dir='ltr'><strong>quasi</strong></span> <span class='ocrx_word' id='word_1_40' title='bbox 940 615 1049 676; x_wconf 90' lang='lat' dir='ltr'><strong>diluvio</strong></span> <span class='ocrx_word' id='word_1_41' title='bbox 1060 624 1090 677; x_wconf 91' lang='lat' dir='ltr'><strong>et</strong></span> 
     </span>
     <span class='ocr_line' id='line_1_6' title="bbox 54 704 1125 783; baseline 0 -19"><span class='ocrx_word' id='word_1_42' title='bbox 54 704 311 764; x_wconf 79' lang='lat' dir='ltr'><strong>⁵inllammatione</strong></span> <span class='ocrx_word' id='word_1_43' title='bbox 338 705 495 783; x_wconf 91' lang='lat' dir='ltr'><strong>corripuit,</strong></span> <span class='ocrx_word' id='word_1_44' title='bbox 523 704 596 764; x_wconf 90' lang='lat' dir='ltr'><strong>adeo</strong></span> <span class='ocrx_word' id='word_1_45' title='bbox 624 711 739 765; x_wconf 92' lang='lat' dir='ltr'><strong>utnon</strong></span> <span class='ocrx_word' id='word_1_46' title='bbox 763 712 843 765; x_wconf 91' lang='lat' dir='ltr'><strong>recte</strong></span> <span class='ocrx_word' id='word_1_47' title='bbox 866 712 981 764; x_wconf 91' lang='lat' dir='ltr'><strong>tantum</strong></span> <span class='ocrx_word' id='word_1_48' title='bbox 1004 704 1088 766; x_wconf 91' lang='lat' dir='ltr'><strong>civile</strong></span> <span class='ocrx_word' id='word_1_49' title='bbox 1108 717 1125 764; x_wconf 85' lang='lat'>4</span> 
     </span>
     <span class='ocr_line' id='line_1_7' title="bbox 78 790 1089 874; baseline 0.001 -21"><span class='ocrx_word' id='word_1_50' title='bbox 78 794 208 873; x_wconf 90' lang='lat' dir='ltr'><strong>dicatur,</strong></span> <span class='ocrx_word' id='word_1_51' title='bbox 241 811 274 852; x_wconf 93' lang='lat' dir='ltr'><strong>ac</strong></span> <span class='ocrx_word' id='word_1_52' title='bbox 302 811 340 852; x_wconf 91' lang='lat' dir='ltr'><strong>ne</strong></span> <span class='ocrx_word' id='word_1_53' title='bbox 369 790 476 852; x_wconf 88' lang='lat' dir='ltr'><strong>sociale</strong></span> <span class='ocrx_word' id='word_1_54' title='bbox 505 793 638 873; x_wconf 92' lang='lat' dir='ltr'><strong>quidem,</strong></span> <span class='ocrx_word' id='word_1_55' title='bbox 671 794 724 853; x_wconf 92' lang='lat' dir='ltr'><strong>sed</strong></span> <span class='ocrx_word' id='word_1_56' title='bbox 751 812 806 854; x_wconf 92' lang='lat' dir='ltr'><strong>nec</strong></span> <span class='ocrx_word' id='word_1_57' title='bbox 834 801 1004 874; x_wconf 82' lang='lat' dir='ltr'><strong>externum,</strong></span> <span class='ocrx_word' id='word_1_58' title='bbox 1037 795 1089 854; x_wconf 92' lang='lat' dir='ltr'><strong>sed</strong></span> 
     </span>
     <span class='ocr_line' id='line_1_8' title="bbox 77 881 1089 962; baseline 0.001 -20"><span class='ocrx_word' id='word_1_59' title='bbox 77 884 178 961; x_wconf 93' lang='lat' dir='ltr'><strong>potius</strong></span> <span class='ocrx_word' id='word_1_60' title='bbox 214 898 369 941; x_wconf 91' lang='lat' dir='ltr'><strong>commune</strong></span> <span class='ocrx_word' id='word_1_61' title='bbox 407 881 554 958; x_wconf 89' lang='lat' dir='ltr'><strong>quoddam</strong></span> <span class='ocrx_word' id='word_1_62' title='bbox 590 900 627 941; x_wconf 81' lang='lat' dir='ltr'><strong>ex</strong></span> <span class='ocrx_word' id='word_1_63' title='bbox 664 881 801 943; x_wconf 93' lang='lat' dir='ltr'><strong>omnibus</strong></span> <span class='ocrx_word' id='word_1_64' title='bbox 838 890 868 942; x_wconf 91' lang='lat' dir='ltr'><strong>et</strong></span> <span class='ocrx_word' id='word_1_65' title='bbox 901 883 968 962; x_wconf 94' lang='lat' dir='ltr'><strong>plus</strong></span> <span class='ocrx_word' id='word_1_66' title='bbox 1001 902 1089 961; x_wconf 93' lang='lat' dir='ltr'><strong>quam</strong></span> 
     </span>
     <span class='ocr_line' id='line_1_9' title="bbox 76 969 1124 1051; baseline 0.003 -20"><span class='ocrx_word' id='word_1_67' title='bbox 76 971 197 1046; x_wconf 80' lang='lat' dir='ltr'><strong>bellum.</strong></span> <span class='ocrx_word' id='word_1_68' title='bbox 244 973 352 1049; x_wconf 89' lang='lat' dir='ltr'><strong>quippe</strong></span> <span class='ocrx_word' id='word_1_69' title='bbox 376 972 403 1029; x_wconf 91' lang='lat' dir='ltr'><strong>si</strong></span> <span class='ocrx_word' id='word_1_70' title='bbox 425 969 516 1030; x_wconf 91' lang='lat' dir='ltr'><strong>duces</strong></span> <span class='ocrx_word' id='word_1_71' title='bbox 540 973 605 1030; x_wconf 91' lang='lat' dir='ltr'><strong>eius</strong></span> <span class='ocrx_word' id='word_1_72' title='bbox 628 973 783 1051; x_wconf 80' lang='lat' dir='ltr'><strong>inspicias,</strong></span> <span class='ocrx_word' id='word_1_73' title='bbox 810 978 890 1032; x_wconf 91' lang='lat' dir='ltr'><strong>totus</strong></span> <span class='ocrx_word' id='word_1_74' title='bbox 914 978 1033 1032; x_wconf 89' lang='lat' dir='ltr'><strong>senatus</strong></span> <span class='ocrx_word' id='word_1_75' title='bbox 1057 975 1124 1036; x_wconf 82' lang='lat' dir='ltr'><strong>ino</strong></span> 
     </span>
     <span class='ocr_line' id='line_1_10' title="bbox 75 1059 1089 1142; baseline 0.002 -22"><span class='ocrx_word' id='word_1_76' title='bbox 75 1059 225 1140; x_wconf 67' lang='lat' dir='ltr'><strong>partibus,</strong></span> <span class='ocrx_word' id='word_1_77' title='bbox 250 1061 276 1118; x_wconf 93' lang='lat' dir='ltr'><strong>si</strong></span> <span class='ocrx_word' id='word_1_78' title='bbox 300 1060 456 1139; x_wconf 82' lang='lat' dir='ltr'><strong>exercitus,</strong></span> <span class='ocrx_word' id='word_1_79' title='bbox 478 1059 548 1119; x_wconf 92' lang='lat' dir='ltr'><strong>hinc</strong></span> <span class='ocrx_word' id='word_1_80' title='bbox 572 1060 711 1120; x_wconf 83' lang='lat' dir='ltr'><strong>undecim</strong></span> <span class='ocrx_word' id='word_1_81' title='bbox 732 1059 874 1142; x_wconf 79' lang='lat' dir='ltr'><strong>legiones,</strong></span> <span class='ocrx_word' id='word_1_82' title='bbox 896 1061 965 1121; x_wconf 92' lang='lat' dir='ltr'><strong>inde</strong></span> <span class='ocrx_word' id='word_1_83' title='bbox 985 1061 1089 1122; x_wconf 92' lang='lat' dir='ltr'><strong>decem</strong></span> 
     </span>
     <span class='ocr_line' id='line_1_11' title="bbox 54 1147 1088 1231; baseline 0.008 -28"><span class='ocrx_word' id='word_1_84' title='bbox 54 1156 107 1209; x_wconf 81' lang='lat' dir='ltr'><strong>&gt;et</strong></span> <span class='ocrx_word' id='word_1_85' title='bbox 135 1156 215 1228; x_wconf 88' lang='lat' dir='ltr'><strong>octo,</strong></span> <span class='ocrx_word' id='word_1_86' title='bbox 242 1147 297 1207; x_wconf 89' lang='lat' dir='ltr'><strong>llos</strong></span> <span class='ocrx_word' id='word_1_87' title='bbox 326 1149 421 1207; x_wconf 91' lang='lat' dir='ltr'><strong>omnis</strong></span> <span class='ocrx_word' id='word_1_88' title='bbox 449 1155 479 1208; x_wconf 92' lang='lat' dir='ltr'><strong>et</strong></span> <span class='ocrx_word' id='word_1_89' title='bbox 506 1147 598 1209; x_wconf 91' lang='lat' dir='ltr'><strong>robur</strong></span> <span class='ocrx_word' id='word_1_90' title='bbox 619 1148 714 1209; x_wconf 91' lang='lat' dir='ltr'><strong>Italici</strong></span> <span class='ocrx_word' id='word_1_91' title='bbox 737 1152 902 1231; x_wconf 80' lang='lat' dir='ltr'><strong>sanguinis3</strong></span> <span class='ocrx_word' id='word_1_92' title='bbox 931 1153 957 1211; x_wconf 94' lang='lat' dir='ltr'><strong>si</strong></span> <span class='ocrx_word' id='word_1_93' title='bbox 979 1150 1088 1211; x_wconf 81' lang='lat' dir='ltr'><strong>auxilia</strong></span> 
     </span>
     <span class='ocr_line' id='line_1_12' title="bbox 76 1235 1088 1319; baseline 0.002 -22"><span class='ocrx_word' id='word_1_94' title='bbox 76 1239 235 1317; x_wconf 89' lang='lat' dir='ltr'><strong>sociorum,</strong></span> <span class='ocrx_word' id='word_1_95' title='bbox 258 1236 328 1295; x_wconf 92' lang='lat' dir='ltr'><strong>hinc</strong></span> <span class='ocrx_word' id='word_1_96' title='bbox 348 1235 451 1296; x_wconf 87' lang='lat' dir='ltr'><strong>Gallici</strong></span> <span class='ocrx_word' id='word_1_97' title='bbox 469 1236 666 1317; x_wconf 87' lang='lat' dir='ltr'><strong>Germanique</strong></span> <span class='ocrx_word' id='word_1_98' title='bbox 687 1237 821 1319; x_wconf 90' lang='lat' dir='ltr'><strong>dilectus,</strong></span> <span class='ocrx_word' id='word_1_99' title='bbox 844 1239 914 1299; x_wconf 91' lang='lat' dir='ltr'><strong>inde</strong></span> <span class='ocrx_word' id='word_1_100' title='bbox 932 1238 1088 1300; x_wconf 89' lang='lat' dir='ltr'><strong>Deiotarus</strong></span> 
     </span>
     <span class='ocr_line' id='line_1_13' title="bbox 74 1325 1086 1407; baseline 0.001 -21"><span class='ocrx_word' id='word_1_101' title='bbox 74 1325 288 1386; x_wconf 76' lang='lat' dir='ltr'><strong>Ariobarzanes</strong></span> <span class='ocrx_word' id='word_1_102' title='bbox 317 1325 562 1386; x_wconf 88' lang='lat' dir='ltr'><strong>Tarcondimotus</strong></span> <span class='ocrx_word' id='word_1_103' title='bbox 590 1326 677 1405; x_wconf 92' lang='lat' dir='ltr'><strong>Cotys</strong></span> <span class='ocrx_word' id='word_1_104' title='bbox 705 1335 736 1387; x_wconf 91' lang='lat' dir='ltr'><strong>et</strong></span> <span class='ocrx_word' id='word_1_105' title='bbox 761 1327 968 1407; x_wconf 79' lang='lat' dir='ltr'><strong>Rhascypolis,</strong></span> <span class='ocrx_word' id='word_1_106' title='bbox 1000 1346 1086 1388; x_wconf 92' lang='lat' dir='ltr'><strong>omne</strong></span> 
     </span>
     <span class='ocr_line' id='line_1_14' title="bbox 75 1405 1086 1495; baseline 0.001 -20"><span class='ocrx_word' id='word_1_107' title='bbox 75 1415 219 1475; x_wconf 88' lang='lat' dir='ltr'><strong>Thraciae</strong></span> <span class='ocrx_word' id='word_1_108' title='bbox 238 1413 448 1495; x_wconf 80' lang='lat' dir='ltr'><strong>Cappadociae,</strong></span> <span class='ocrx_word' id='word_1_109' title='bbox 466 1415 653 1475; x_wconf 87' lang='lat' dir='ltr'><strong>Macedoniae</strong></span> <span class='ocrx_word' id='word_1_110' title='bbox 674 1415 803 1495; x_wconf 85' lang='lat' dir='ltr'><strong>Ciliciae,</strong></span> <span class='ocrx_word' id='word_1_111' title='bbox 822 1415 960 1476; x_wconf 86' lang='lat' dir='ltr'><strong>Graeciae</strong></span> <span class='ocrx_word' id='word_1_112' title='bbox 980 1405 1086 1477; x_wconf 82' lang='lat' dir='ltr'><strong>totius-</strong></span> 
     </span>
     <span class='ocr_line' id='line_1_15' title="bbox 75 1503 1123 1585; baseline 0.001 -21"><span class='ocrx_word' id='word_1_113' title='bbox 75 1523 134 1583; x_wconf 90' lang='lat' dir='ltr'><strong>que</strong></span> <span class='ocrx_word' id='word_1_114' title='bbox 158 1503 249 1563; x_wconf 89' lang='lat' dir='ltr'><strong>robur</strong></span> <span class='ocrx_word' id='word_1_115' title='bbox 268 1505 405 1584; x_wconf 73' lang='lat' dir='ltr'><strong>orientis,</strong></span> <span class='ocrx_word' id='word_1_116' title='bbox 429 1506 455 1563; x_wconf 94' lang='lat' dir='ltr'><strong>si</strong></span> <span class='ocrx_word' id='word_1_117' title='bbox 473 1522 586 1564; x_wconf 91' lang='lat' dir='ltr'><strong>moram</strong></span> <span class='ocrx_word' id='word_1_118' title='bbox 604 1504 684 1584; x_wconf 92' lang='lat' dir='ltr'><strong>belli,</strong></span> <span class='ocrx_word' id='word_1_119' title='bbox 708 1510 847 1583; x_wconf 91' lang='lat' dir='ltr'><strong>quattuor</strong></span> <span class='ocrx_word' id='word_1_120' title='bbox 866 1507 944 1585; x_wconf 93' lang='lat' dir='ltr'><strong>anni,</strong></span> <span class='ocrx_word' id='word_1_121' title='bbox 968 1512 1014 1565; x_wconf 91' lang='lat' dir='ltr'><strong>set</strong></span> <span class='ocrx_word' id='word_1_122' title='bbox 1031 1524 1086 1585; x_wconf 95' lang='lat' dir='ltr'><strong>pro</strong></span> <span class='ocrx_word' id='word_1_123' title='bbox 1107 1522 1123 1571; x_wconf 85' lang='lat'><strong>6</strong></span> 
     </span>
     <span class='ocr_line' id='line_1_16' title="bbox 54 1592 1088 1674; baseline 0.001 -21"><span class='ocrx_word' id='word_1_124' title='bbox 54 1592 158 1653; x_wconf 71' lang='lat' dir='ltr'><strong>telade</strong></span> <span class='ocrx_word' id='word_1_125' title='bbox 182 1611 283 1652; x_wconf 91' lang='lat' dir='ltr'><strong>rerum</strong></span> <span class='ocrx_word' id='word_1_126' title='bbox 305 1592 424 1674; x_wconf 77' lang='lat' dir='ltr'><strong>breves3</strong></span> <span class='ocrx_word' id='word_1_127' title='bbox 449 1594 475 1652; x_wconf 93' lang='lat' dir='ltr'><strong>si</strong></span> <span class='ocrx_word' id='word_1_128' title='bbox 497 1592 594 1653; x_wconf 91' lang='lat' dir='ltr'><strong>locum</strong></span> <span class='ocrx_word' id='word_1_129' title='bbox 618 1601 648 1653; x_wconf 91' lang='lat' dir='ltr'><strong>et</strong></span> <span class='ocrx_word' id='word_1_130' title='bbox 671 1596 808 1674; x_wconf 94' lang='lat' dir='ltr'><strong>spatium,</strong></span> <span class='ocrx_word' id='word_1_131' title='bbox 831 1596 1023 1654; x_wconf 91' lang='lat' dir='ltr'><strong>commissum</strong></span> <span class='ocrx_word' id='word_1_132' title='bbox 1042 1602 1088 1654; x_wconf 91' lang='lat' dir='ltr'><strong>est</strong></span> 
     </span>
     <span class='ocr_line' id='line_1_17' title="bbox 75 1681 1088 1762; baseline 0.001 -20"><span class='ocrx_word' id='word_1_133' title='bbox 75 1685 153 1742; x_wconf 93' lang='lat' dir='ltr'><strong>intra</strong></span> <span class='ocrx_word' id='word_1_134' title='bbox 181 1681 307 1761; x_wconf 88' lang='lat' dir='ltr'><strong>ltaliam,</strong></span> <span class='ocrx_word' id='word_1_135' title='bbox 338 1682 407 1741; x_wconf 95' lang='lat' dir='ltr'><strong>inde</strong></span> <span class='ocrx_word' id='word_1_136' title='bbox 441 1700 472 1742; x_wconf 92' lang='lat' dir='ltr'><strong>se</strong></span> <span class='ocrx_word' id='word_1_137' title='bbox 500 1683 531 1740; x_wconf 92' lang='lat' dir='ltr'><strong>in</strong></span> <span class='ocrx_word' id='word_1_138' title='bbox 560 1681 681 1742; x_wconf 93' lang='lat' dir='ltr'><strong>Galliam</strong></span> <span class='ocrx_word' id='word_1_139' title='bbox 709 1682 939 1762; x_wconf 90' lang='lat' dir='ltr'><strong>Hispaniamque</strong></span> <span class='ocrx_word' id='word_1_140' title='bbox 967 1683 1088 1744; x_wconf 83' lang='lat' dir='ltr'><strong>deflexit</strong></span> 
     </span>
     <span class='ocr_line' id='line_1_18' title="bbox 74 1770 1088 1852; baseline 0.003 -21"><span class='ocrx_word' id='word_1_141' title='bbox 74 1789 287 1849; x_wconf 83' lang='lat' dir='ltr'><strong>reversumque</strong></span> <span class='ocrx_word' id='word_1_142' title='bbox 312 1770 348 1830; x_wconf 93' lang='lat' dir='ltr'><strong>ab</strong></span> <span class='ocrx_word' id='word_1_143' title='bbox 373 1789 480 1831; x_wconf 91' lang='lat' dir='ltr'><strong>occasu</strong></span> <span class='ocrx_word' id='word_1_144' title='bbox 497 1773 568 1830; x_wconf 92' lang='lat' dir='ltr'><strong>totis</strong></span> <span class='ocrx_word' id='word_1_145' title='bbox 587 1771 701 1832; x_wconf 83' lang='lat' dir='ltr'><strong>viribus</strong></span> <span class='ocrx_word' id='word_1_146' title='bbox 719 1774 750 1831; x_wconf 93' lang='lat' dir='ltr'><strong>in</strong></span> <span class='ocrx_word' id='word_1_147' title='bbox 768 1771 858 1852; x_wconf 87' lang='lat' dir='ltr'><strong>Epiro</strong></span> <span class='ocrx_word' id='word_1_148' title='bbox 878 1771 1088 1852; x_wconf 88' lang='lat' dir='ltr'><strong>Thessaliaque</strong></span> 
     </span>
    </p>
   </div>
   <div class='ocr_carea' id='block_1_3' title="bbox 71 1923 1090 3633">
    <p class='ocr_par' dir='ltr' id='par_1_3' title="bbox 71 1923 1090 3633">
     <span class='ocr_line' id='line_1_19' title="bbox 149 1923 1087 1995; baseline 0.006 -19"><span class='ocrx_word' id='word_1_149' title='bbox 149 1931 162 1976; x_wconf 88' lang='lat'>1</span> <span class='ocrx_word' id='word_1_150' title='bbox 183 1923 240 1977; x_wconf 92' lang='lat' dir='ltr'><strong>iam</strong></span> <span class='ocrx_word' id='word_1_151' title='bbox 259 1940 309 1978; x_wconf 86' lang='lat' dir='ltr'><strong>om.</strong></span> <span class='ocrx_word' id='word_1_152' title='bbox 331 1923 371 1994; x_wconf 78' lang='grc'><strong>01</strong></span> <span class='ocrx_word' id='word_1_153' title='bbox 387 1924 578 1994; x_wconf 81' lang='lat' dir='ltr'><strong>praecluserat</strong></span> <span class='ocrx_word' id='word_1_154' title='bbox 596 1925 663 1979; x_wconf 93' lang='grc' dir='ltr'><strong>ΒΝ</strong></span> <span class='ocrx_word' id='word_1_155' title='bbox 677 1925 853 1995; x_wconf 84' lang='lat' dir='ltr'><strong>precluxerat</strong></span> <span class='ocrx_word' id='word_1_156' title='bbox 866 1925 905 1979; x_wconf 88' lang='lat' dir='ltr'><strong>L:</strong></span> <span class='ocrx_word' id='word_1_157' title='bbox 925 1943 993 1981; x_wconf 88' lang='lat' dir='ltr'><strong>corr.</strong></span> <span class='ocrx_word' id='word_1_158' title='bbox 1015 1927 1087 1981; x_wconf 82' lang='lat' dir='ltr'><strong>Gre-</strong></span> 
     </span>
     <span class='ocr_line' id='line_1_20' title="bbox 74 1994 1088 2066; baseline 0.001 -15"><span class='ocrx_word' id='word_1_159' title='bbox 74 2003 148 2051; x_wconf 81' lang='lat' dir='ltr'><strong>teras</strong></span> <span class='ocrx_word' id='word_1_160' title='bbox 171 1994 329 2064; x_wconf 89' lang='lat' dir='ltr'><strong>proluscrat</strong></span> <span class='ocrx_word' id='word_1_161' title='bbox 349 1995 499 2063; x_wconf 80' lang='lat' dir='ltr'><strong>Graecias,</strong></span> <span class='ocrx_word' id='word_1_162' title='bbox 522 2014 546 2052; x_wconf 86' lang='lat' dir='ltr'><strong>o.</strong></span> <span class='ocrx_word' id='word_1_163' title='bbox 562 2001 707 2065; x_wconf 78' lang='lat' dir='ltr'><strong>p.135,5</strong></span> <span class='ocrx_word' id='word_1_164' title='bbox 731 1999 735 2066; x_wconf 78' lang='lat' dir='ltr'><strong>l</strong></span> <span class='ocrx_word' id='word_1_165' title='bbox 759 1996 784 2050; x_wconf 92' lang='lat' dir='ltr'><strong>si</strong></span> <span class='ocrx_word' id='word_1_166' title='bbox 801 2014 852 2052; x_wconf 86' lang='lat' dir='ltr'><strong>om.</strong></span> <span class='ocrx_word' id='word_1_167' title='bbox 873 1997 897 2051; x_wconf 78' lang='grc'><strong><em>0</em></strong></span> <span class='ocrx_word' id='word_1_168' title='bbox 916 1999 925 2066; x_wconf 79' lang='grc' dir='ltr'><strong>ΙΙ</strong></span> <span class='ocrx_word' id='word_1_169' title='bbox 948 2003 963 2050; x_wconf 77' lang='lat'>2</span> <span class='ocrx_word' id='word_1_170' title='bbox 985 1996 1088 2052; x_wconf 87' lang='lat' dir='ltr'><strong>sillana</strong></span> 
     </span>
     <span class='ocr_line' id='line_1_21' title="bbox 74 2066 1089 2136; baseline 0 -15"><span class='ocrx_word' id='word_1_171' title='bbox 74 2066 135 2121; x_wconf 88' lang='lat' dir='ltr'><strong>BL</strong></span> <span class='ocrx_word' id='word_1_172' title='bbox 151 2069 155 2135; x_wconf 85' lang='grc' dir='ltr'>Ι</span> <span class='ocrx_word' id='word_1_173' title='bbox 173 2066 333 2120; x_wconf 80' lang='lat' dir='ltr'><strong>detinuerat</strong></span> <span class='ocrx_word' id='word_1_174' title='bbox 346 2068 373 2120; x_wconf 94' lang='lat' dir='ltr'><strong><em>L</em></strong></span> <span class='ocrx_word' id='word_1_175' title='bbox 386 2069 395 2136; x_wconf 82' lang='grc' dir='ltr'><strong>ΙΙ</strong></span> <span class='ocrx_word' id='word_1_176' title='bbox 410 2073 427 2120; x_wconf 84' lang='grc'>4</span> <span class='ocrx_word' id='word_1_177' title='bbox 444 2069 591 2136; x_wconf 87' lang='lat' dir='ltr'><strong>totumque</strong></span> <span class='ocrx_word' id='word_1_178' title='bbox 607 2067 720 2136; x_wconf 87' lang='lat' dir='ltr'><strong>potibat</strong></span> <span class='ocrx_word' id='word_1_179' title='bbox 734 2069 793 2135; x_wconf 86' lang='lat' dir='ltr'><strong>(om.</strong></span> <span class='ocrx_word' id='word_1_180' title='bbox 809 2067 941 2136; x_wconf 89' lang='lat' dir='ltr'><strong>denique)</strong></span> <span class='ocrx_word' id='word_1_181' title='bbox 954 2069 982 2121; x_wconf 92' lang='grc' dir='ltr'><strong><em>Β</em></strong></span> <span class='ocrx_word' id='word_1_182' title='bbox 996 2069 1089 2121; x_wconf 91' lang='lat' dir='ltr'><strong>totum</strong></span> 
     </span>
     <span class='ocr_line' id='line_1_22' title="bbox 75 2137 1088 2208; baseline 0.003 -18"><span class='ocrx_word' id='word_1_183' title='bbox 75 2137 197 2206; x_wconf 85' lang='lat' dir='ltr'><strong>denique</strong></span> <span class='ocrx_word' id='word_1_184' title='bbox 215 2137 333 2205; x_wconf 85' lang='lat' dir='ltr'><strong>patebat</strong></span> <span class='ocrx_word' id='word_1_185' title='bbox 351 2140 411 2207; x_wconf 82' lang='lat' dir='ltr'><strong>(ora.</strong></span> <span class='ocrx_word' id='word_1_186' title='bbox 427 2141 493 2207; x_wconf 79' lang='lat' dir='ltr'><strong>qua)</strong></span> <span class='ocrx_word' id='word_1_187' title='bbox 511 2138 538 2192; x_wconf 89' lang='lat' dir='ltr'><strong><em>L</em></strong></span> <span class='ocrx_word' id='word_1_188' title='bbox 556 2141 566 2206; x_wconf 78' lang='grc' dir='ltr'><strong>ΙΙ</strong></span> <span class='ocrx_word' id='word_1_189' title='bbox 584 2145 600 2191; x_wconf 81' lang='lat' dir='ltr'><strong>o</strong></span> <span class='ocrx_word' id='word_1_190' title='bbox 619 2138 754 2208; x_wconf 89' lang='lat' dir='ltr'><strong>corripuit</strong></span> <span class='ocrx_word' id='word_1_191' title='bbox 773 2141 830 2207; x_wconf 90' lang='lat' dir='ltr'><strong>(cor</strong></span> <span class='ocrx_word' id='word_1_192' title='bbox 847 2141 879 2192; x_wconf 80' lang='lat' dir='ltr'><strong>ia</strong></span> <span class='ocrx_word' id='word_1_193' title='bbox 892 2156 994 2193; x_wconf 78' lang='lat' dir='ltr'><strong>resero</strong></span> <span class='ocrx_word' id='word_1_194' title='bbox 1010 2157 1043 2194; x_wconf 82' lang='lat' dir='ltr'><strong>ra.</strong></span> <span class='ocrx_word' id='word_1_195' title='bbox 1060 2142 1088 2208; x_wconf 90' lang='lat'><strong>1)</strong></span> 
     </span>
     <span class='ocr_line' id='line_1_23' title="bbox 73 2209 1087 2279; baseline -0.001 -16"><span class='ocrx_word' id='word_1_196' title='bbox 73 2210 102 2263; x_wconf 98' lang='grc' dir='ltr'><strong><em>Β</em></strong></span> <span class='ocrx_word' id='word_1_197' title='bbox 119 2214 123 2277; x_wconf 78' lang='lat' dir='ltr'><strong>l</strong></span> <span class='ocrx_word' id='word_1_198' title='bbox 139 2210 228 2262; x_wconf 87' lang='lat' dir='ltr'><strong>ractet</strong></span> <span class='ocrx_word' id='word_1_199' title='bbox 245 2210 357 2262; x_wconf 91' lang='lat' dir='ltr'><strong>tantum</strong></span> <span class='ocrx_word' id='word_1_200' title='bbox 376 2211 506 2278; x_wconf 77' lang='lat' dir='ltr'><strong>(seermdo</strong></span> <span class='ocrx_word' id='word_1_201' title='bbox 524 2211 538 2262; x_wconf 91' lang='lat' dir='ltr'><strong>t</strong></span> <span class='ocrx_word' id='word_1_202' title='bbox 555 2211 651 2279; x_wconf 86' lang='lat' dir='ltr'><strong>delete)</strong></span> <span class='ocrx_word' id='word_1_203' title='bbox 670 2210 704 2263; x_wconf 89' lang='lat' dir='ltr'><em>N</em></span> <span class='ocrx_word' id='word_1_204' title='bbox 719 2212 728 2277; x_wconf 81' lang='grc' dir='ltr'><strong>ΙΙ</strong></span> <span class='ocrx_word' id='word_1_205' title='bbox 747 2214 762 2261; x_wconf 86' lang='grc'><strong>6</strong></span> <span class='ocrx_word' id='word_1_206' title='bbox 782 2209 831 2263; x_wconf 89' lang='lat' dir='ltr'><strong>sed</strong></span> <span class='ocrx_word' id='word_1_207' title='bbox 844 2226 880 2263; x_wconf 89' lang='lat' dir='ltr'><strong>ne</strong></span> <span class='ocrx_word' id='word_1_208' title='bbox 895 2210 924 2263; x_wconf 98' lang='grc' dir='ltr'><strong><em>Β</em></strong></span> <span class='ocrx_word' id='word_1_209' title='bbox 940 2213 944 2278; x_wconf 86' lang='grc' dir='ltr'>Ι</span> <span class='ocrx_word' id='word_1_210' title='bbox 960 2209 1087 2264; x_wconf 87' lang='lat' dir='ltr'><strong>exticnus</strong></span> 
     </span>
     <span class='ocr_line' id='line_1_24' title="bbox 73 2279 1088 2351; baseline 0.002 -17"><span class='ocrx_word' id='word_1_211' title='bbox 73 2284 107 2334; x_wconf 78' lang='lat' dir='ltr'><strong>in</strong></span> <span class='ocrx_word' id='word_1_212' title='bbox 124 2281 271 2334; x_wconf 84' lang='lat' dir='ltr'><strong>externum</strong></span> <span class='ocrx_word' id='word_1_213' title='bbox 289 2283 406 2335; x_wconf 80' lang='lat' dir='ltr'><strong>mutarit</strong></span> <span class='ocrx_word' id='word_1_214' title='bbox 423 2281 464 2335; x_wconf 86' lang='grc' dir='ltr'><strong>Βι</strong></span> <span class='ocrx_word' id='word_1_215' title='bbox 487 2284 496 2351; x_wconf 80' lang='grc' dir='ltr'><strong>ΙΙ</strong></span> <span class='ocrx_word' id='word_1_216' title='bbox 519 2286 535 2334; x_wconf 90' lang='grc'>8</span> <span class='ocrx_word' id='word_1_217' title='bbox 554 2279 657 2350; x_wconf 88' lang='lat' dir='ltr'><strong>quippe</strong></span> <span class='ocrx_word' id='word_1_218' title='bbox 675 2279 858 2349; x_wconf 88' lang='lat' dir='ltr'><strong>—partibus</strong></span> <span class='ocrx_word' id='word_1_219' title='bbox 876 2282 929 2348; x_wconf 84' lang='lat' dir='ltr'><strong>bis,</strong></span> <span class='ocrx_word' id='word_1_220' title='bbox 945 2283 1088 2350; x_wconf 78' lang='lat' dir='ltr'><strong>prioribus</strong></span> 
     </span>
     <span class='ocr_line' id='line_1_25' title="bbox 73 2349 1088 2421; baseline 0.001 -15"><span class='ocrx_word' id='word_1_221' title='bbox 73 2354 170 2418; x_wconf 84' lang='lat' dir='ltr'><strong>erosis,</strong></span> <span class='ocrx_word' id='word_1_222' title='bbox 186 2352 234 2406; x_wconf 86' lang='lat' dir='ltr'><strong>sed</strong></span> <span class='ocrx_word' id='word_1_223' title='bbox 251 2353 293 2405; x_wconf 84' lang='lat' dir='ltr'><strong>ita</strong></span> <span class='ocrx_word' id='word_1_224' title='bbox 310 2359 343 2406; x_wconf 80' lang='lat' dir='ltr'><strong>at</strong></span> <span class='ocrx_word' id='word_1_225' title='bbox 360 2353 432 2406; x_wconf 80' lang='lat' dir='ltr'><strong>irater</strong></span> <span class='ocrx_word' id='word_1_226' title='bbox 449 2370 482 2406; x_wconf 87' lang='lat' dir='ltr'><strong>ea</strong></span> <span class='ocrx_word' id='word_1_227' title='bbox 495 2353 576 2407; x_wconf 83' lang='lat' dir='ltr'><strong>cerba</strong></span> <span class='ocrx_word' id='word_1_228' title='bbox 590 2353 620 2404; x_wconf 91' lang='lat' dir='ltr'><strong>et</strong></span> <span class='ocrx_word' id='word_1_229' title='bbox 632 2351 696 2420; x_wconf 87' lang='lat' dir='ltr'><strong>plus</strong></span> <span class='ocrx_word' id='word_1_230' title='bbox 710 2368 796 2420; x_wconf 87' lang='lat' dir='ltr'><strong>quam</strong></span> <span class='ocrx_word' id='word_1_231' title='bbox 809 2349 916 2405; x_wconf 89' lang='lat' dir='ltr'><strong>bellum</strong></span> <span class='ocrx_word' id='word_1_232' title='bbox 929 2359 1088 2421; x_wconf 76' lang='lat' dir='ltr'><strong>repeteretur</strong></span> 
     </span>
     <span class='ocr_line' id='line_1_26' title="bbox 73 2422 1088 2506; baseline 0 -28"><span class='ocrx_word' id='word_1_233' title='bbox 73 2430 101 2478; x_wconf 81' lang='lat' dir='ltr'><strong>et</strong></span> <span class='ocrx_word' id='word_1_234' title='bbox 113 2424 175 2492; x_wconf 76' lang='lat' dir='ltr'><strong>ipsa</strong></span> <span class='ocrx_word' id='word_1_235' title='bbox 188 2423 304 2477; x_wconf 88' lang='lat' dir='ltr'><strong>erosaB</strong></span> <span class='ocrx_word' id='word_1_236' title='bbox 318 2425 327 2492; x_wconf 91' lang='grc' dir='ltr'><strong>ΙΙ</strong></span> <span class='ocrx_word' id='word_1_237' title='bbox 341 2429 357 2476; x_wconf 85' lang='grc'>9</span> <span class='ocrx_word' id='word_1_238' title='bbox 371 2422 522 2477; x_wconf 90' lang='lat' dir='ltr'><strong>undedcim</strong></span> <span class='ocrx_word' id='word_1_239' title='bbox 536 2425 683 2492; x_wconf 73' lang='lat' dir='ltr'><strong>(posterior</strong></span> <span class='ocrx_word' id='word_1_240' title='bbox 697 2423 821 2491; x_wconf 86' lang='lat' dir='ltr'><strong>ddeteto)</strong></span> <span class='ocrx_word' id='word_1_241' title='bbox 832 2423 866 2504; x_wconf 91' lang='lat' dir='ltr'><strong><em>N</em></strong></span> <span class='ocrx_word' id='word_1_242' title='bbox 877 2423 1024 2504; x_wconf 29' lang='lat' dir='ltr'><strong>ludecemet</strong></span> <span class='ocrx_word' id='word_1_243' title='bbox 1033 2426 1088 2506; x_wconf 57' lang='lat' dir='ltr'><strong>iem</strong></span> 
     </span>
     <span class='ocr_line' id='line_1_27' title="bbox 73 2493 1087 2640; baseline 0.002 -21"><span class='ocrx_word' id='word_1_244' title='bbox 73 2494 820 2634; x_wconf 57' lang='lat' dir='ltr'><strong>trsrrtthitttdlatinitati</strong></span> <span class='ocrx_word' id='word_1_245' title='bbox 831 2493 1087 2640; x_wconf 59' lang='lat' dir='ltr'><strong>ititttttffttt</strong></span> 
     </span>
     <span class='ocr_line' id='line_1_28' title="bbox 75 2634 1088 2706; baseline 0.005 -18"><span class='ocrx_word' id='word_1_246' title='bbox 75 2634 231 2690; x_wconf 86' lang='lat' dir='ltr'><strong>deiottarus</strong></span> <span class='ocrx_word' id='word_1_247' title='bbox 250 2636 279 2689; x_wconf 93' lang='grc' dir='ltr'><strong><em>Β</em></strong></span> <span class='ocrx_word' id='word_1_248' title='bbox 298 2635 451 2690; x_wconf 84' lang='lat' dir='ltr'><strong>deiotarius</strong></span> <span class='ocrx_word' id='word_1_249' title='bbox 471 2639 619 2706; x_wconf 75' lang='lat' dir='ltr'><strong>(posterior</strong></span> <span class='ocrx_word' id='word_1_250' title='bbox 637 2637 648 2690; x_wconf 93' lang='lat' dir='ltr'><strong>i</strong></span> <span class='ocrx_word' id='word_1_251' title='bbox 665 2638 812 2706; x_wconf 74' lang='lat' dir='ltr'><strong>repuncta)</strong></span> <span class='ocrx_word' id='word_1_252' title='bbox 830 2636 857 2690; x_wconf 99' lang='lat' dir='ltr'><strong><em>L</em></strong></span> <span class='ocrx_word' id='word_1_253' title='bbox 877 2640 887 2704; x_wconf 89' lang='grc' dir='ltr'><strong>ΙΙ</strong></span> <span class='ocrx_word' id='word_1_254' title='bbox 910 2642 942 2690; x_wconf 77' lang='lat'><strong>12</strong></span> <span class='ocrx_word' id='word_1_255' title='bbox 962 2637 1088 2693; x_wconf 88' lang='lat' dir='ltr'><strong>ariobar-</strong></span> 
     </span>
     <span class='ocr_line' id='line_1_29' title="bbox 74 2706 1087 2779; baseline 0.006 -19"><span class='ocrx_word' id='word_1_256' title='bbox 74 2723 158 2761; x_wconf 85' lang='lat' dir='ltr'><strong>zanes</strong></span> <span class='ocrx_word' id='word_1_257' title='bbox 177 2708 270 2776; x_wconf 85' lang='lat' dir='ltr'><strong>(tertia</strong></span> <span class='ocrx_word' id='word_1_258' title='bbox 289 2723 306 2760; x_wconf 90' lang='lat' dir='ltr'><strong>a</strong></span> <span class='ocrx_word' id='word_1_259' title='bbox 324 2714 444 2762; x_wconf 86' lang='lat' dir='ltr'><strong>correcta</strong></span> <span class='ocrx_word' id='word_1_260' title='bbox 460 2725 495 2762; x_wconf 80' lang='lat' dir='ltr'><strong>err</strong></span> <span class='ocrx_word' id='word_1_261' title='bbox 513 2709 539 2776; x_wconf 88' lang='lat' dir='ltr'><strong>o)</strong></span> <span class='ocrx_word' id='word_1_262' title='bbox 554 2708 581 2761; x_wconf 96' lang='lat' dir='ltr'><strong><em>L</em></strong></span> <span class='ocrx_word' id='word_1_263' title='bbox 601 2708 605 2779; x_wconf 91' lang='grc' dir='ltr'>Ι</span> <span class='ocrx_word' id='word_1_264' title='bbox 625 2706 755 2762; x_wconf 80' lang='lat' dir='ltr'><strong>tarcondi</strong></span> <span class='ocrx_word' id='word_1_265' title='bbox 772 2708 865 2761; x_wconf 91' lang='lat' dir='ltr'><strong>motus</strong></span> <span class='ocrx_word' id='word_1_266' title='bbox 884 2710 964 2777; x_wconf 80' lang='lat' dir='ltr'><strong>cotys</strong></span> <span class='ocrx_word' id='word_1_267' title='bbox 983 2712 1012 2778; x_wconf 87' lang='lat' dir='ltr'><strong>(y</strong></span> <span class='ocrx_word' id='word_1_268' title='bbox 1030 2728 1087 2766; x_wconf 91' lang='lat' dir='ltr'><strong>cor-</strong></span> 
     </span>
     <span class='ocr_line' id='line_1_30' title="bbox 74 2777 1087 2848; baseline 0.001 -14"><span class='ocrx_word' id='word_1_269' title='bbox 74 2785 149 2834; x_wconf 85' lang='lat' dir='ltr'><strong>recta</strong></span> <span class='ocrx_word' id='word_1_270' title='bbox 171 2795 205 2832; x_wconf 80' lang='lat' dir='ltr'><strong>eor</strong></span> <span class='ocrx_word' id='word_1_271' title='bbox 228 2777 248 2847; x_wconf 89' lang='lat' dir='ltr'><strong>i)</strong></span> <span class='ocrx_word' id='word_1_272' title='bbox 272 2779 301 2831; x_wconf 90' lang='lat' dir='ltr'><strong>et</strong></span> <span class='ocrx_word' id='word_1_273' title='bbox 318 2777 491 2848; x_wconf 80' lang='lat' dir='ltr'><strong>thascypolis</strong></span> <span class='ocrx_word' id='word_1_274' title='bbox 510 2780 537 2832; x_wconf 96' lang='grc' dir='ltr'><strong><em>Β</em></strong></span> <span class='ocrx_word' id='word_1_275' title='bbox 556 2778 798 2833; x_wconf 88' lang='lat' dir='ltr'><strong>tarchondimotus</strong></span> <span class='ocrx_word' id='word_1_276' title='bbox 813 2809 819 2820; x_wconf 89' lang='lat'><strong>·</strong></span> <span class='ocrx_word' id='word_1_277' title='bbox 834 2795 866 2833; x_wconf 89' lang='lat' dir='ltr'><strong>co</strong></span> <span class='ocrx_word' id='word_1_278' title='bbox 885 2779 963 2833; x_wconf 88' lang='lat' dir='ltr'><strong>intus</strong></span> <span class='ocrx_word' id='word_1_279' title='bbox 981 2781 1016 2835; x_wconf 90' lang='lat' dir='ltr'><strong><em>N</em></strong></span> <span class='ocrx_word' id='word_1_280' title='bbox 1030 2783 1087 2835; x_wconf 87' lang='lat' dir='ltr'><strong>tar-</strong></span> 
     </span>
     <span class='ocr_line' id='line_1_31' title="bbox 74 2848 1088 2920; baseline 0.003 -16"><span class='ocrx_word' id='word_1_281' title='bbox 74 2866 128 2904; x_wconf 90' lang='lat' dir='ltr'><strong>con</strong></span> <span class='ocrx_word' id='word_1_282' title='bbox 139 2880 144 2891; x_wconf 89' lang='lat'><strong>·</strong></span> <span class='ocrx_word' id='word_1_283' title='bbox 155 2848 278 2902; x_wconf 88' lang='lat' dir='ltr'><strong>dimotus</strong></span> <span class='ocrx_word' id='word_1_284' title='bbox 296 2848 457 2903; x_wconf 89' lang='lat' dir='ltr'><strong>corinthus·</strong></span> <span class='ocrx_word' id='word_1_285' title='bbox 472 2850 499 2903; x_wconf 96' lang='lat' dir='ltr'><strong><em>L</em></strong></span> <span class='ocrx_word' id='word_1_286' title='bbox 514 2852 519 2918; x_wconf 79' lang='grc' dir='ltr'>Ι</span> <span class='ocrx_word' id='word_1_287' title='bbox 535 2866 630 2904; x_wconf 88' lang='lat' dir='ltr'><strong>omnes</strong></span> <span class='ocrx_word' id='word_1_288' title='bbox 648 2850 670 2905; x_wconf 82' lang='grc'><strong><em>0</em></strong></span> <span class='ocrx_word' id='word_1_289' title='bbox 685 2853 694 2920; x_wconf 82' lang='grc' dir='ltr'><strong>ΙΙ</strong></span> <span class='ocrx_word' id='word_1_290' title='bbox 714 2855 747 2903; x_wconf 84' lang='grc'><strong>13</strong></span> <span class='ocrx_word' id='word_1_291' title='bbox 766 2849 892 2904; x_wconf 92' lang='lat' dir='ltr'><strong>trhaciae</strong></span> <span class='ocrx_word' id='word_1_292' title='bbox 911 2853 935 2920; x_wconf 89' lang='lat' dir='ltr'><strong>(r</strong></span> <span class='ocrx_word' id='word_1_293' title='bbox 949 2855 1088 2920; x_wconf 76' lang='lat' dir='ltr'><strong>erepuerit</strong></span> 
     </span>
     <span class='ocr_line' id='line_1_32' title="bbox 74 2920 1087 2992; baseline 0.003 -18"><span class='ocrx_word' id='word_1_294' title='bbox 74 2939 108 2976; x_wconf 75' lang='lat' dir='ltr'><strong>aa.</strong></span> <span class='ocrx_word' id='word_1_295' title='bbox 126 2927 141 2974; x_wconf 89' lang='lat'><em>1</em></span> <span class='ocrx_word' id='word_1_296' title='bbox 160 2927 186 2974; x_wconf 91' lang='lat' dir='ltr'><strong>et</strong></span> <span class='ocrx_word' id='word_1_297' title='bbox 202 2937 289 2989; x_wconf 82' lang='lat' dir='ltr'><strong>sopra</strong></span> <span class='ocrx_word' id='word_1_298' title='bbox 306 2938 412 2975; x_wconf 75' lang='lat' dir='ltr'><strong>oeream</strong></span> <span class='ocrx_word' id='word_1_299' title='bbox 429 2923 501 2975; x_wconf 76' lang='lat' dir='ltr'><strong>irater</strong></span> <span class='ocrx_word' id='word_1_300' title='bbox 519 2920 539 2973; x_wconf 96' lang='lat' dir='ltr'><strong>h</strong></span> <span class='ocrx_word' id='word_1_301' title='bbox 557 2928 583 2975; x_wconf 88' lang='lat' dir='ltr'><strong>et</strong></span> <span class='ocrx_word' id='word_1_302' title='bbox 600 2937 618 2974; x_wconf 90' lang='lat' dir='ltr'><strong>a</strong></span> <span class='ocrx_word' id='word_1_303' title='bbox 635 2924 760 2992; x_wconf 77' lang='lat' dir='ltr'><strong>inseruit)</strong></span> <span class='ocrx_word' id='word_1_304' title='bbox 775 2922 808 2975; x_wconf 96' lang='lat' dir='ltr'><strong><em>N</em></strong></span> <span class='ocrx_word' id='word_1_305' title='bbox 821 2924 825 2987; x_wconf 84' lang='grc' dir='ltr'>Ι</span> <span class='ocrx_word' id='word_1_306' title='bbox 842 2921 1087 2992; x_wconf 85' lang='lat' dir='ltr'><strong>cappadociaeque</strong></span> 
     </span>
     <span class='ocr_line' id='line_1_33' title="bbox 77 2990 1088 3063; baseline 0.001 -16"><span class='ocrx_word' id='word_1_307' title='bbox 77 2992 101 3047; x_wconf 81' lang='lat' dir='ltr'><strong>G</strong></span> <span class='ocrx_word' id='word_1_308' title='bbox 121 2994 126 3060; x_wconf 89' lang='grc' dir='ltr'>Ι</span> <span class='ocrx_word' id='word_1_309' title='bbox 152 2990 252 3044; x_wconf 85' lang='lat' dir='ltr'><strong>ciliciae</strong></span> <span class='ocrx_word' id='word_1_310' title='bbox 274 2991 457 3046; x_wconf 86' lang='lat' dir='ltr'><strong>macedoniae</strong></span> <span class='ocrx_word' id='word_1_311' title='bbox 477 2991 501 3046; x_wconf 81' lang='lat'><em>0</em></span> <span class='ocrx_word' id='word_1_312' title='bbox 522 2992 526 3063; x_wconf 79' lang='grc' dir='ltr'>Ι</span> <span class='ocrx_word' id='word_1_313' title='bbox 551 2991 650 3047; x_wconf 87' lang='lat' dir='ltr'><strong>italiae</strong></span> <span class='ocrx_word' id='word_1_314' title='bbox 669 2999 734 3062; x_wconf 79' lang='lat' dir='ltr'><strong>post</strong></span> <span class='ocrx_word' id='word_1_315' title='bbox 753 2992 883 3062; x_wconf 74' lang='lat' dir='ltr'><strong>graeciae</strong></span> <span class='ocrx_word' id='word_1_316' title='bbox 900 2994 964 3048; x_wconf 85' lang='lat' dir='ltr'><strong>add.</strong></span> <span class='ocrx_word' id='word_1_317' title='bbox 982 2993 1006 3048; x_wconf 83' lang='lat'><em>0</em></span> <span class='ocrx_word' id='word_1_318' title='bbox 1023 2997 1032 3062; x_wconf 77' lang='grc' dir='ltr'><strong>[Ι</strong></span> <span class='ocrx_word' id='word_1_319' title='bbox 1054 2998 1088 3048; x_wconf 85' lang='grc'><strong>14</strong></span> 
     </span>
     <span class='ocr_line' id='line_1_34' title="bbox 74 3062 1085 3135; baseline 0.002 -18"><span class='ocrx_word' id='word_1_320' title='bbox 74 3062 144 3117; x_wconf 87' lang='lat' dir='ltr'><strong>belli</strong></span> <span class='ocrx_word' id='word_1_321' title='bbox 163 3063 191 3131; x_wconf 85' lang='grc'><strong>(1</strong></span> <span class='ocrx_word' id='word_1_322' title='bbox 210 3070 333 3118; x_wconf 85' lang='lat' dir='ltr'><strong>correcta</strong></span> <span class='ocrx_word' id='word_1_323' title='bbox 350 3081 383 3117; x_wconf 81' lang='lat' dir='ltr'><strong>ro.</strong></span> <span class='ocrx_word' id='word_1_324' title='bbox 400 3068 416 3117; x_wconf 93' lang='lat'><strong><em>1</em></strong></span> <span class='ocrx_word' id='word_1_325' title='bbox 435 3080 469 3117; x_wconf 80' lang='lat' dir='ltr'><strong>eor</strong></span> <span class='ocrx_word' id='word_1_326' title='bbox 487 3064 515 3131; x_wconf 88' lang='lat' dir='ltr'><strong>u)</strong></span> <span class='ocrx_word' id='word_1_327' title='bbox 531 3063 557 3114; x_wconf 91' lang='lat' dir='ltr'><strong><em>B</em></strong></span> <span class='ocrx_word' id='word_1_328' title='bbox 575 3062 1060 3133; x_wconf 61' lang='grc' dir='ltr'><strong>19111199191191111911191109.Νι</strong></span> <span class='ocrx_word' id='word_1_329' title='bbox 1082 3065 1085 3135; x_wconf 87' lang='grc' dir='ltr'>Ι</span> 
     </span>
     <span class='ocr_line' id='line_1_35' title="bbox 76 3133 1090 3205; baseline 0.001 -16"><span class='ocrx_word' id='word_1_330' title='bbox 76 3133 157 3189; x_wconf 88' lang='lat' dir='ltr'><strong>annis</strong></span> <span class='ocrx_word' id='word_1_331' title='bbox 177 3134 227 3186; x_wconf 91' lang='lat' dir='ltr'><strong>sed</strong></span> <span class='ocrx_word' id='word_1_332' title='bbox 245 3134 274 3187; x_wconf 93' lang='grc' dir='ltr'><strong><em>Β</em></strong></span> <span class='ocrx_word' id='word_1_333' title='bbox 293 3133 359 3187; x_wconf 88' lang='lat' dir='ltr'><strong>anni</strong></span> <span class='ocrx_word' id='word_1_334' title='bbox 372 3136 417 3188; x_wconf 88' lang='lat' dir='ltr'><strong>·et</strong></span> <span class='ocrx_word' id='word_1_335' title='bbox 431 3135 458 3187; x_wconf 92' lang='lat' dir='ltr'><strong><em>L</em></strong></span> <span class='ocrx_word' id='word_1_336' title='bbox 477 3134 550 3205; x_wconf 90' lang='lat' dir='ltr'><strong>[sed]</strong></span> <span class='ocrx_word' id='word_1_337' title='bbox 569 3135 732 3190; x_wconf 78' lang='lat' dir='ltr'><strong>Perizonius</strong></span> <span class='ocrx_word' id='word_1_338' title='bbox 749 3136 888 3190; x_wconf 76' lang='lat' dir='ltr'><strong>animadv.</strong></span> <span class='ocrx_word' id='word_1_339' title='bbox 906 3136 967 3189; x_wconf 82' lang='lat' dir='ltr'><strong>hist.</strong></span> <span class='ocrx_word' id='word_1_340' title='bbox 982 3152 1041 3204; x_wconf 84' lang='lat' dir='ltr'><strong>cop.</strong></span> <span class='ocrx_word' id='word_1_341' title='bbox 1057 3137 1090 3190; x_wconf 91' lang='lat' dir='ltr'>X</span> 
     </span>
     <span class='ocr_line' id='line_1_36' title="bbox 71 3204 1087 3275; baseline 0 -15"><span class='ocrx_word' id='word_1_342' title='bbox 71 3224 100 3275; x_wconf 82' lang='lat' dir='ltr'><strong>p.</strong></span> <span class='ocrx_word' id='word_1_343' title='bbox 120 3210 178 3261; x_wconf 82' lang='lat'><strong>422</strong></span> <span class='ocrx_word' id='word_1_344' title='bbox 202 3207 211 3273; x_wconf 85' lang='grc' dir='ltr'><strong>ΙΙ</strong></span> <span class='ocrx_word' id='word_1_345' title='bbox 233 3209 266 3258; x_wconf 82' lang='lat'><strong>15</strong></span> <span class='ocrx_word' id='word_1_346' title='bbox 286 3204 402 3260; x_wconf 69' lang='lat' dir='ltr'><strong>clades*</strong></span> <span class='ocrx_word' id='word_1_347' title='bbox 415 3205 450 3259; x_wconf 95' lang='lat' dir='ltr'><strong><em>N</em></strong></span> <span class='ocrx_word' id='word_1_348' title='bbox 470 3208 474 3275; x_wconf 89' lang='grc' dir='ltr'>Ι</span> <span class='ocrx_word' id='word_1_349' title='bbox 498 3205 584 3260; x_wconf 86' lang='lat' dir='ltr'><strong>breue</strong></span> <span class='ocrx_word' id='word_1_350' title='bbox 598 3206 626 3260; x_wconf 93' lang='lat' dir='ltr'><em>B</em></span> <span class='ocrx_word' id='word_1_351' title='bbox 644 3207 729 3260; x_wconf 92' lang='lat' dir='ltr'><strong>breue</strong></span> <span class='ocrx_word' id='word_1_352' title='bbox 747 3207 858 3275; x_wconf 87' lang='lat' dir='ltr'><strong>tempus</strong></span> <span class='ocrx_word' id='word_1_353' title='bbox 880 3205 911 3259; x_wconf 81' lang='lat' dir='ltr'><strong>C:</strong></span> <span class='ocrx_word' id='word_1_354' title='bbox 931 3222 999 3260; x_wconf 89' lang='lat' dir='ltr'><strong>corr.</strong></span> <span class='ocrx_word' id='word_1_355' title='bbox 1014 3206 1087 3260; x_wconf 86' lang='lat' dir='ltr'><strong>Hal-</strong></span> 
     </span>
     <span class='ocr_line' id='line_1_37' title="bbox 74 3276 1088 3403; baseline 0.001 -1"><span class='ocrx_word' id='word_1_356' title='bbox 74 3276 230 3402; x_wconf 61' lang='lat' dir='ltr'><strong>mliitdd</strong></span> <span class='ocrx_word' id='word_1_357' title='bbox 251 3278 376 3401; x_wconf 58' lang='lat' dir='ltr'><strong>imni</strong></span> <span class='ocrx_word' id='word_1_358' title='bbox 388 3284 603 3402; x_wconf 46' lang='lat' dir='ltr'><strong>Til-{TN</strong></span> <span class='ocrx_word' id='word_1_359' title='bbox 621 3278 763 3403; x_wconf 57' lang='grc' dir='ltr'>Ἥ</span> <span class='ocrx_word' id='word_1_360' title='bbox 776 3277 997 3402; x_wconf 55' lang='lat' dir='ltr'><strong>tttttttlt</strong></span> <span class='ocrx_word' id='word_1_361' title='bbox 1014 3279 1088 3403; x_wconf 60' lang='lat' dir='ltr'><strong>&#39;T‘</strong></span> 
     </span>
     <span class='ocr_line' id='line_1_38' title="bbox 74 3365 1087 3488; baseline 0 -14"><span class='ocrx_word' id='word_1_362' title='bbox 74 3367 145 3474; x_wconf 71' lang='lat' dir='ltr'><strong>itia</strong></span> <span class='ocrx_word' id='word_1_363' title='bbox 167 3365 953 3488; x_wconf 60' lang='lat' dir='ltr'><strong>1liridiaddidistisClii‘daaa}aar</strong></span> <span class='ocrx_word' id='word_1_364' title='bbox 974 3365 1087 3474; x_wconf 52' lang='lat' dir='ltr'><strong>Ni</strong></span> 
     </span>
     <span class='ocr_line' id='line_1_39' title="bbox 74 3489 1086 3561; baseline 0.003 -18"><span class='ocrx_word' id='word_1_365' title='bbox 74 3490 150 3544; x_wconf 84' lang='lat' dir='ltr'><strong>intra</strong></span> <span class='ocrx_word' id='word_1_366' title='bbox 173 3489 227 3560; x_wconf 89' lang='lat' dir='ltr'><strong>(ita</strong></span> <span class='ocrx_word' id='word_1_367' title='bbox 248 3494 423 3561; x_wconf 78' lang='lat' dir='ltr'><strong>erpwnctero)</strong></span> <span class='ocrx_word' id='word_1_368' title='bbox 442 3491 469 3543; x_wconf 92' lang='lat' dir='ltr'><strong><em>L</em></strong></span> <span class='ocrx_word' id='word_1_369' title='bbox 491 3494 499 3561; x_wconf 86' lang='grc' dir='ltr'><strong>ΙΙ</strong></span> <span class='ocrx_word' id='word_1_370' title='bbox 523 3496 556 3545; x_wconf 89' lang='grc'><strong>16</strong></span> <span class='ocrx_word' id='word_1_371' title='bbox 579 3489 624 3544; x_wconf 91' lang='lat' dir='ltr'><strong>his</strong></span> <span class='ocrx_word' id='word_1_372' title='bbox 647 3489 831 3561; x_wconf 84' lang='lat' dir='ltr'><strong>spaniamque</strong></span> <span class='ocrx_word' id='word_1_373' title='bbox 849 3490 877 3544; x_wconf 92' lang='lat' dir='ltr'><strong><em>B</em></strong></span> <span class='ocrx_word' id='word_1_374' title='bbox 900 3491 910 3559; x_wconf 81' lang='grc' dir='ltr'><strong>ΙΙ</strong></span> <span class='ocrx_word' id='word_1_375' title='bbox 934 3495 966 3545; x_wconf 84' lang='grc'><strong>17</strong></span> <span class='ocrx_word' id='word_1_376' title='bbox 986 3494 1086 3547; x_wconf 76' lang='lat' dir='ltr'><strong>occasii</strong></span> 
     </span>
     <span class='ocr_line' id='line_1_40' title="bbox 75 3562 683 3633; baseline -0.005 -15"><span class='ocrx_word' id='word_1_377' title='bbox 75 3563 223 3633; x_wconf 68' lang='lat' dir='ltr'><strong>(circatam</strong></span> <span class='ocrx_word' id='word_1_378' title='bbox 240 3563 336 3618; x_wconf 85' lang='lat' dir='ltr'><strong>delerit</strong></span> <span class='ocrx_word' id='word_1_379' title='bbox 353 3581 387 3617; x_wconf 88' lang='lat' dir='ltr'><strong>m.</strong></span> <span class='ocrx_word' id='word_1_380' title='bbox 404 3564 431 3632; x_wconf 91' lang='lat'><strong>1)</strong></span> <span class='ocrx_word' id='word_1_381' title='bbox 449 3563 477 3615; x_wconf 91' lang='lat' dir='ltr'><em>B</em></span> <span class='ocrx_word' id='word_1_382' title='bbox 498 3567 502 3630; x_wconf 86' lang='grc' dir='ltr'>Ι</span> <span class='ocrx_word' id='word_1_383' title='bbox 521 3562 639 3631; x_wconf 87' lang='lat' dir='ltr'><strong>inepyra</strong></span> <span class='ocrx_word' id='word_1_384' title='bbox 657 3563 683 3615; x_wconf 93' lang='lat' dir='ltr'><strong><em>L</em></strong></span> 
     </span>
    </p>
   </div>
   <div class='ocr_carea' id='block_1_4' title="bbox 0 0 1172 3922">
    <p class='ocr_par' dir='ltr' id='par_1_4' title="bbox 0 0 1172 3922">
     <span class='ocr_line' id='line_1_41' title="bbox 0 0 1172 3922; baseline 0 0"><span class='ocrx_word' id='word_1_385' title='bbox 0 0 1172 3922; x_wconf 95' lang='lat' dir='ltr'><strong> </strong></span> 
     </span>
    </p>
   </div>
  </div>
 </body>
</html>
