2334 3922
100 201 146 266 40
466 203 577 254 rnonr
595 204 755 256 nmroua

53 367 95 428 25
172 367 302 428 Tertiam
330 368 507 429 seditionem
535 369 673 428 excitavit
699 370 956 428 matrimoniorum
979 369 1120 450 dignitaS,

101 464 133 516 ut
150 456 250 535 plebei
269 476 336 517 cum
355 459 489 535 patriciis
509 459 718 537 iungerentur,
738 458 789 535 qui
810 456 955 517 tumultus
970 459 1002 516 in
1017 466 1119 518 monte

46 542 229 607 261aniculo
263 545 338 606 duce
366 545 507 606 Canuleio
539 544 661 606 tribuno
689 545 785 623 plebis
814 547 933 605 exarsit,
980 554 1118 624 quartam

100 633 245 694 bonorum
269 634 387 716 cupido,
410 642 444 695 ut
466 633 565 713 plebei
584 653 701 712 quoque
721 636 912 712 magistratus
931 643 1116 696 crearentur.

63 722 206 783 2Fabius
232 722 394 783 Ambustus
422 723 547 783 duarum
574 729 660 798 pater
687 723 808 783 alteram
834 722 967 801 Sulpicio
996 726 1156 802 patriciis

63 825 79 872 3
99 814 253 890 sanguinis
277 811 409 893 dederat,
433 811 555 872 alteram
578 811 714 889 plebeius
734 810 815 872 Stolo
835 811 894 872 sibi
912 813 1018 872 iunxit.
1058 831 1116 891 qua

98 900 225 978 quodam
257 907 405 981 tempore,
438 900 517 979 quod
550 900 682 961 lictoriae
715 903 814 978 virgae
844 918 950 960 sonum
980 903 1117 978 ignotum

97 989 255 1066 penatibus
279 991 342 1049 suis
366 995 537 1068 expaverat,
561 1007 577 1048 a
601 1007 703 1048 sorore
728 992 799 1049 satis
823 989 988 1049 insolenter
1011 992 1116 1071 inrisa,

62 1079 237 1137 tiniuriam
264 1096 325 1137 non
352 1077 428 1138 tulit.
475 1079 574 1155 itaque
603 1084 728 1137 nanctus
755 1077 940 1138 tribunatum
966 1078 1115 1138 honorum

97 1172 127 1224 et
145 1168 371 1243 magistratuum
391 1169 574 1227 consortium
591 1169 725 1244 quamvis
740 1168 832 1226 invito
848 1168 964 1226 senatui
979 1169 1114 1227 extorsit.
1132 1178 1157 1217 1⁰

61 1266 77 1314 5
163 1254 273 1314 Verum
305 1257 336 1315 in
368 1255 416 1315 his
448 1257 522 1333 ipsis
551 1254 747 1315 seditionibus
776 1257 943 1333 principem
969 1254 1114 1333 populum

98 1361 157 1401 non
194 1345 333 1403 inmerito
372 1346 551 1422 suspexeris.
604 1345 630 1403 si
667 1343 786 1422 quidem
823 1362 903 1404 nunc
934 1343 1115 1424 libertatem,

96 1449 175 1491 nunc
197 1432 385 1513 pudicitiam,
412 1440 476 1492 tum
499 1431 641 1492 natalium
664 1432 853 1513 dignitatem,
879 1440 942 1492 tum
964 1432 1115 1493 bonorum

61 1520 204 1582 odecora
227 1528 257 1580 et
280 1523 408 1600 insignia
431 1521 600 1601 vindicavit,
624 1523 761 1599 interque
784 1521 858 1582 haec
881 1522 979 1580 omnia
1000 1520 1114 1582 nullius

96 1611 193 1668 acrior
226 1617 326 1670 custos
360 1628 448 1688 quam
476 1608 622 1669 libertatis
650 1609 721 1690 fuit,
753 1609 892 1688 nullaque
920 1611 952 1669 in
980 1613 1114 1688 pretium
1130 1625 1154 1665 rs

96 1698 161 1757 eius
188 1700 286 1775 potuit
313 1699 469 1777 largitione
498 1699 650 1776 corrumpi
677 1716 745 1758 eum
770 1705 805 1758 ut
832 1700 863 1758 in
891 1715 997 1776 magno
1027 1701 1114 1759 etin

96 1785 159 1845 dies
192 1788 302 1846 maiore
334 1787 444 1866 populo
477 1789 598 1846 interim
629 1789 792 1865 perniciosi
825 1789 904 1847 cives
938 1788 1114 1848 existerent.

60 1888 74 1935 1
96 1873 238 1952 Spurium
256 1875 421 1957 largitione,
445 1875 581 1936 Cassium
600 1877 714 1953 agraria
733 1875 798 1954 lege
818 1882 991 1955 suspectum
1010 1878 1114 1954 regiae

95 1963 305 2024 dominationis
341 1967 493 2043 praesenti
528 1971 624 2024 morte
661 1963 803 2025 multavit.
855 1983 888 2024 ac
926 1965 963 2024 de
1002 1965 1114 2045 Spurio

166 2158 181 2206 2
201 2151 298 2222 plebes
319 2153 342 2206 0
364 2156 369 2224 1
388 2155 484 2207 monte
503 2154 533 2221 (n
551 2169 585 2206 eac
603 2171 617 2205 r
635 2158 755 2206 correcta
772 2169 807 2206 m.
823 2154 850 2221 1)
864 2153 892 2205 Β
915 2155 924 2220 1
947 2156 963 2205 3
983 2152 1114 2208 canoleio

93 2224 126 2277 iu
144 2222 273 2278 canuleio
292 2227 409 2280 mutavit
426 2225 454 2277 Β
470 2227 474 2291 1
490 2225 523 2276 tr.
544 2222 582 2291 pl.
602 2224 634 2276 N
649 2222 764 2276 tribuno
776 2266 781 2276 .
792 2221 891 2292 populi
909 2223 959 2292 Ll
979 2229 997 2276 4
1014 2224 1114 2294 plebes

96 2293 145 2363 011
165 2298 180 2346 5
198 2294 403 2349 filiarum'aate
423 2295 541 2348 duarum
560 2295 624 2348 add.
644 2293 898 2363 Fraudeuberpias‚
917 2301 947 2349 at
964 2313 989 2349 a.
1008 2295 1115 2366 Apulei

93 2372 154 2420 met.
175 2366 230 2420 Va
244 2370 283 2431 116
302 2366 413 2435 plebeio
426 2410 430 2420 .
443 2364 531 2420 stolo
551 2365 586 2418 N
606 2363 684 2433 plebi
702 2364 792 2418 ostolo
812 2365 838 2418 L
854 2368 858 2435 1
875 2363 931 2418 sibi
948 2363 1043 2419 iunxit
1063 2384 1113 2422 aui.

97 2436 121 2489 0
131 2452 183 2505 quo
194 2439 311 2504 probato
325 2437 436 2506 plebeio
449 2435 558 2491 Stoloni
569 2437 710 2491 Goertaias
726 2442 730 2503 1
747 2452 803 2504 qua
818 2437 881 2491 add.
892 2435 1028 2491 Halmius
1040 2454 1114 2506 quae

95 2505 249 2561 Salmasius
262 2507 332 2561 haee
345 2526 386 2577 op.
402 2507 451 2575 qui
464 2523 549 2561 uxore
563 2508 605 2562 ael
622 2506 713 2560 Fabia
724 2508 761 2562 H.
773 2507 924 2562 Muellerus
937 2510 947 2574 1
962 2514 976 2562 7
991 2507 1113 2563 uictoria

94 2578 122 2630 Β
138 2575 143 2647 1
160 2592 288 2630 somnum
306 2578 340 2631 N
354 2582 363 2647 11
383 2583 399 2632 9
417 2578 550 2632 iniuriam
570 2596 620 2633 orii.
637 2580 665 2632 Β
681 2578 686 2651 Ι
701 2593 759 2631 ιιοιι
776 2577 909 2632 iniuriam
927 2578 954 2631 L
970 2578 975 2647 Ι
990 2580 1114 2633 nanctus

94 2649 214 2700 nanctus
234 2650 384 2716 (posterius
403 2650 454 2704 del.
473 2667 507 2703 m.
527 2651 557 2719 2)
576 2650 609 2704 N
622 2651 723 2703 nactus
742 2648 803 2702 BL
826 2654 835 2715 11
858 2654 893 2702 10
910 2647 1114 2719 magistratum

94 2719 122 2771 Β
145 2717 363 2787 magistratuum
383 2721 529 2788 (posterior
547 2738 566 2773 u
583 2737 670 2790 supra
687 2737 793 2775 uersum
811 2738 845 2775 m.
861 2722 891 2789 2)
912 2720 946 2774 N
960 2720 1114 2792 magistra·

94 2791 174 2842 tuum
194 2791 341 2857 (posterior
363 2807 383 2843 u
405 2808 491 2860 supra
513 2794 629 2861 uersam)
651 2792 678 2844 L
701 2796 709 2860 11
733 2795 765 2844 11
789 2790 834 2844 his
858 2808 908 2846 om.
929 2791 957 2845 Β
979 2791 1113 2859 t-nibus

94 2858 252 2929 principem
271 2893 304 2901 -
324 2860 349 2914 si
367 2860 482 2930 quidem
500 2864 560 2930 (boa
577 2870 616 2918 est
632 2879 720 2916 mium
737 2863 853 2930 uersum)
872 2879 922 2918 ma.
942 2863 992 2930 Li
1007 2868 1041 2917 12
1060 2863 1112 2916 im·

94 2930 194 2985 merito
214 2932 248 2986 N
260 2934 264 3001 1
280 2931 441 2987 libertatem
459 2950 533 2988 nunc
552 2950 601 2988 om.
621 2935 648 2986 Β
662 2936 671 3002 11
686 2937 719 2985 13
737 2931 905 3002 pudicitiam
924 2935 1084 3003 (secandam
1102 2933 1113 2986 i

94 3003 173 3069 iufra
197 3021 304 3058 caraem
322 3006 386 3059 add.
404 3022 438 3059 m.
460 3009 486 3066 11
506 3005 540 3058 Ν
556 3008 560 3071 1
580 3005 641 3057 tum
660 3005 699 3073 (m
717 3011 836 3059 correcta
854 3022 889 3058 m.
908 3010 924 3057 1
944 3021 979 3059 ea
996 3007 1043 3074 nc)
1061 3007 1089 3060 Β
1106 3006 1110 3076 1

94 3075 156 3126 tum
173 3091 223 3129 om.
245 3075 285 3144 01
300 3074 438 3130 bonorum
456 3076 483 3128 L
503 3079 512 3143 11
534 3082 567 3128 14
585 3075 662 3128 Inter
680 3091 735 3146 qap
754 3074 807 3146 hec
824 3075 852 3129 L
867 3075 871 3144 1
887 3073 984 3128 nullus
1001 3077 1031 3130 Β
1049 3080 1059 3146 11
1078 3082 1111 3132 15

19 3198 23 3204 ,
96 3147 190 3199 custos
214 3147 241 3215 1ο
264 3154 385 3202 correcta
404 3165 437 3202 ea
455 3164 474 3199 u
491 3164 525 3200 m.
545 3148 572 3215 1)
590 3145 619 3198 Β
644 3145 649 3217 1
674 3161 738 3197 cum
756 3147 788 3198 ia
806 3163 893 3214 quum
910 3149 1030 3202 mutauit
1047 3148 1089 3201 B¹
1103 3148 1113 3218 11

96 3219 129 3268 16
150 3233 214 3270 eum
232 3219 261 3271 et
275 3219 303 3271 Β
316 3222 325 3286 11
342 3224 372 3272 17
390 3216 556 3272 exsisterent
569 3216 596 3268 L
609 3220 618 3280 11
633 3221 667 3269 18
681 3214 812 3285 spurium
826 3219 944 3273 inseruit
957 3216 1113 3274 &masiae

96 3285 226 3355 Spurium
241 3288 369 3343 Cassium
388 3287 499 3368 agraria
517 3286 589 3355 lege,
608 3285 743 3340 Maelium
760 3285 911 3357 largitione
924 3305 968 3359 ay.
983 3287 1113 3343 Cassium

96 3358 209 3426 agraria
232 3359 308 3431 lege,
332 3359 467 3413 Maelmm
489 3357 641 3427 largitione
664 3357 797 3412 Halmius
821 3357 952 3428 Spurium
975 3359 1113 3414 Maelium

95 3426 280 3484 frumentaria
297 3429 457 3500 largitione,
477 3427 606 3482 Cassium
624 3426 738 3500 agraria
756 3427 819 3500 lege
835 3430 872 3485 F.
886 3431 922 3485 E.
937 3430 1110 3500 Koeblarusl

94 3497 191 3567 regiae
209 3502 303 3570 (prior
321 3517 336 3554 e
354 3507 474 3555 correcta
493 3517 526 3555 ea
545 3516 563 3553 a
580 3518 614 3554 m.
637 3502 661 3568 11
680 3500 708 3552 Β
721 3501 730 3568 11
745 3504 779 3553 19
796 3499 940 3569 praesenti
959 3502 988 3570 (a
1006 3504 1113 3558 inserta

95 3570 168 3624 inter
185 3572 365 3640 scribendam)
384 3573 412 3624 Β
