2334 3922
483 184 594 235 FLORI
612 184 772 235 EPITOMA

342 434 505 494 XXXVIIII.
539 434 688 494 BELLVM
711 434 909 495 THRACIVM.

21 572 106 656 111,4
186 576 258 636 Post
280 576 468 656 Macedonas,
497 579 524 636 si
547 577 592 637 dis
616 575 725 656 placet,
754 576 883 636 Thraces
907 575 1066 656 rebellant,
1091 576 1135 636 illi

120 666 268 744 quondam
300 663 452 725 tributarii
478 665 686 744 Macedonum,
718 684 774 725 nec
806 667 837 724 in
865 667 1016 743 proximas
1043 666 1134 724 modo

118 755 286 832 provincias
306 755 438 813 contenti
456 755 619 834 incurrere,
640 752 823 813 lbessaliam
842 760 929 831 atque
949 752 1135 833 Dalmatiam,

118 844 149 901 in
172 842 376 902 Hadriaticum
398 860 479 901 mare
501 860 597 919 usque
620 849 779 922 venerunt3
803 860 897 920 eoque
921 843 980 900 fine
999 844 1135 902 contenti
1164 866 1167 870 ⁴

119 933 205 1008 quasi
236 932 451 990 interveniente
484 937 589 990 natura
624 936 757 990 contorta
785 930 816 988 in
845 932 924 1008 ipsas
952 949 1044 1008 aquas
1075 930 1133 990 tela

83 1021 273 1078 amiserunt.
319 1017 394 1077 nibil
426 1020 546 1078 interim
576 1037 630 1097 per
658 1018 688 1076 id
717 1036 803 1077 omne
830 1025 949 1096 tempus
978 1019 1133 1079 residuum

119 1105 303 1166 crudelitatis
331 1107 388 1166 fuit
415 1109 446 1165 in
473 1109 605 1184 captivos
634 1105 846 1166 saevientibus:
873 1106 959 1166 litare
983 1107 1041 1166 diis
1066 1125 1132 1166 san-

118 1197 208 1273 guine
236 1195 377 1274 humano,
404 1193 508 1254 bibere
537 1197 568 1254 in
592 1196 709 1255 ossibus
734 1197 877 1275 capitum,
905 1196 1133 1273 cuiusquemodi

117 1281 255 1343 ludibriis
286 1283 405 1342 foedare
438 1289 565 1342 mortem
596 1290 657 1343 tam
688 1285 752 1360 igni
784 1302 872 1361 quam
900 1283 995 1362 fumo,
1026 1290 1131 1361 partus
1147 1299 1166 1337 ιι

37 1379 38 1384 ’
81 1383 234 1450 equoque
259 1372 445 1450 gravidarum
469 1370 628 1431 mulierum
652 1379 830 1450 extorquere
853 1373 1020 1431 tormentis.
1069 1390 1131 1431 sae·

117 1462 232 1520 vissimi
260 1462 394 1519 omnium
421 1459 569 1519 Thracum
597 1460 747 1520 Scordisci
775 1460 871 1540 luere,
904 1460 957 1519 sed
987 1458 1131 1519 calliditas

81 1559 236 1627 4quoque
265 1548 302 1608 ad
329 1547 421 1608 robur
449 1555 628 1608 accesserat:
656 1547 796 1608 silvarum
824 1555 854 1608 et
881 1549 1027 1608 montium
1056 1551 1131 1608 situs

10 1651 13 1658 ·
118 1653 185 1696 cum
218 1637 337 1714 ingenio
371 1635 603 1697 consentiebant.
648 1639 748 1714 itaque
778 1654 838 1695 non
866 1636 950 1697 fusus
977 1636 1066 1695 modo
1095 1635 1131 1695 ab

116 1723 163 1783 bis
187 1730 238 1784 aut
260 1725 391 1803 fugatus,
415 1724 468 1784 sed
491 1758 533 1766 —
557 1724 652 1784 simile
676 1725 812 1803 prodIgio
837 1759 878 1766 —
903 1726 1023 1784 omnino
1048 1730 1155 1784 totus1

81 1814 302 1890 ainterceptus
332 1814 481 1872 exercitus
510 1832 599 1891 quem
627 1814 751 1873 duxerat
779 1812 858 1873 Cato.
909 1812 1014 1873 Didius
1042 1831 1131 1890 vagos

117 1907 147 1960 et
174 1899 268 1961 libera
295 1900 484 1979 populatione
513 1902 637 1961 diffusos
666 1904 744 1961 intra
772 1920 856 1961 suam
884 1900 1014 1980 reppulit
1037 1901 1130 1960 Thra-

117 1991 201 2049 ciam.
247 1988 360 2049 Drusus
389 1988 515 2049 ulterius
543 1992 604 2067 egit
631 1996 662 2049 et
686 1992 780 2049 vetuit
802 1992 930 2049 transire
955 1987 1131 2049 Danuvium.

116 2076 263 2138 Minucius
288 2084 349 2137 toto
372 2080 495 2137 vastavit
513 2077 622 2158 Hebro,
645 2077 747 2138 multis
768 2078 888 2156 quidem
907 2079 1035 2157 amissiS,
1059 2078 1132 2137 dum

187 2270 202 2317 1
224 2279 283 2318 ann
305 2279 372 2320 nnn
395 2266 469 2333 (post
487 2267 609 2333 priorem
631 2278 650 2317 n
673 2281 753 2319 ercan
774 2267 804 2333 n)
828 2277 1033 2319 rmarroum
1056 2266 1131 2333 (pri-

114 2352 173 2390 mae
191 2341 246 2390 tres
264 2336 370 2390 litterae
389 2336 500 2405 lippiae)
515 2335 549 2388 N
561 2337 565 2404 Ι
582 2349 762 2389 rmmrrcvm
776 2357 819 2390 m.
834 2335 861 2388 L
879 2337 888 2404 ΙΙ
909 2332 986 2388 atie
1002 2336 1028 2403 (c
1042 2352 1131 2404 supro

114 2423 221 2461 oeream
237 2423 272 2460 m.
292 2409 319 2475 1)
338 2407 366 2460 Β
387 2408 391 2475 Ι
412 2405 466 2459 diis
486 2406 527 2475 0)
542 2405 721 2460 rebellabant
742 2405 782 2474 0)
797 2404 854 2475 ipsi
875 2405 921 2474 ΟΙΙ
939 2411 956 2458 4
974 2405 1131 2459 thesaliam

114 2476 142 2528 Β
158 2479 162 2545 Ι
179 2478 264 2543 atque
283 2479 306 2545 (t
323 2495 357 2530 m.
374 2481 524 2531 Ieorrecta
542 2493 576 2530 ex
590 2477 618 2545 d)
637 2477 671 2530 N
681 2478 690 2545 ΙΙ
704 2480 720 2528 6
735 2475 906 2530 adriaticum
920 2477 948 2530 Β
966 2477 970 2544 Ι
985 2474 1130 2531 irruerunt

114 2545 152 2600 N.
172 2547 306 2601 Heinsius
322 2549 326 2615 Ι
342 2546 393 2599 fini
410 2549 597 2615 (posteriorem
614 2547 625 2600 i
642 2549 675 2601 im
693 2562 708 2600 e
726 2549 843 2603 mutarit
860 2565 894 2602 m.
910 2550 937 2617 3)
956 2547 991 2600 Ν
1003 2549 1007 2616 Ι
1023 2547 1130 2601 retenti

117 2615 251 2671 Graevius
275 2615 394 2670 cohibiti
411 2619 574 2673 Perizonius
596 2616 765 2672 continentis
792 2618 827 2673 F.
847 2619 882 2672 Β.
903 2618 1056 2672 Koebleruo
1080 2620 1090 2687 ΙΙ
1113 2624 1129 2671 6

115 2688 257 2740 contortas
280 2687 314 2740 N
330 2689 340 2756 ΙΙ
363 2692 378 2740 I
401 2687 565 2757 peridomne
588 2689 615 2742 L
641 2686 722 2757 pardi
745 2703 827 2742 omne
850 2689 886 2742 N
903 2704 954 2757 por
976 2687 1129 2756 imperium

115 2758 204 2810 donee
222 2758 249 2811 Β
273 2758 277 2825 Ι
296 2756 391 2811 rosida
410 2761 437 2828 (v
455 2776 542 2840 supro
559 2764 578 2811 si
597 2760 654 2814 loco
672 2761 787 2814 eoomido
805 2761 940 2814 incertam
958 2776 1014 2828 qao
1031 2762 1129 2828 mamm

113 2829 149 2882 N
162 2831 172 2898 ΙΙ
189 2833 205 2882 8
224 2827 388 2881 crudelitati
400 2830 428 2882 Β
444 2832 448 2898 Ι
465 2830 508 2882 d1s
523 2831 557 2883 N
569 2832 573 2898 Ι
590 2829 755 2899 sanguinem
772 2829 795 2884 0
804 2832 813 2899 ΙΙ
828 2834 844 2882 9
862 2830 986 2883 humano
1001 2831 1130 2899 (ismpro

114 2917 130 2953 o
148 2917 182 2954 m.
202 2901 231 2968 2)
250 2899 284 2952 N
298 2898 452 2952 humanum
470 2900 497 2953 L
513 2903 517 2969 Ι
533 2900 621 2954 libere
640 2902 667 2954 L
684 2903 688 2970 Ι
704 2899 783 2953 cuius
803 2899 914 2954 cemodi
932 2901 959 2953 L
979 2902 989 2969 ΙΙ
1012 2907 1044 2954 11
1065 2917 1128 2970 gra-

113 2969 196 3023 uidai
210 2971 244 3024 N
258 2969 394 3039 grauidar
411 2972 439 3038 (i
456 2987 542 3038 supro
552 2973 728 3040 posteriorem
741 2973 765 3040 r)
779 2972 813 3025 N
816 2972 826 3002 ²
844 2974 847 3040 Ι
864 2970 1015 3025 mulierum
1034 2973 1130 3040 (prior

113 3058 132 3093 u
155 3046 275 3096 correcta
296 3058 330 3095 em
353 3056 368 3094 e
390 3058 425 3095 m.
445 3043 472 3110 1)
491 3042 519 3095 Β
541 3044 550 3111 ΙΙ
574 3047 607 3095 13
631 3041 772 3096 Siluarim
795 3042 822 3095 L
847 3044 850 3110 Ι
876 3057 987 3110 quoque
1011 3049 1076 3096 arete
1100 3044 1128 3095 et

113 3113 176 3167 add.
197 3112 224 3165 L
237 3113 246 3181 ΙΙ
266 3116 299 3166 14
318 3109 532 3166 consentiebant
550 3115 642 3181 (tertia
659 3131 679 3165 n
696 3130 782 3182 supro
799 3116 917 3183 aeroma)
935 3114 962 3166 Β
979 3115 982 3181 Ι
999 3111 1079 3166 fusus
1099 3115 1128 3181 (q

133 3189 174 3238 ost
192 3185 370 3252 posteriorem
388 3199 401 3235 s
420 3184 519 3251 deleto)
537 3183 565 3236 Β
587 3186 591 3252 Ι
617 3183 698 3237 abbis
719 3183 749 3253 (h
767 3201 978 3253 remunerarem
995 3201 1029 3238 m.
1050 3186 1080 3253 2)
1098 3184 1134 3237 N

109 3200 196 3307 babis
215 3253 242 3306 L
263 3255 273 3322 ΙΙ
297 3260 329 3307 15
349 3252 436 3307 simili
454 3254 514 3307 BL
537 3253 624 3307 simili
643 3257 735 3324 (prior
754 3271 766 3307 s
786 3261 936 3324 expuncta,
958 3254 1006 3308 sed
1019 3260 1130 3334 pometa

113 3327 202 3393 eraso)
217 3324 259 3379 N:
278 3341 346 3379 corr.
365 3342 407 3395 op.
429 3326 438 3393 ΙΙ
462 3329 495 3376 17
510 3341 591 3377 suum
605 3326 633 3379 Β
649 3328 653 3395 Ι
668 3324 795 3378 thasiam
808 3327 836 3380 Β
855 3328 864 3394 ΙΙ
884 3331 916 3380 18
936 3324 1086 3378 daniblum
1101 3326 1129 3392 (v

112 3411 199 3464 semro
213 3397 334 3463 priorem
352 3394 372 3464 i)
391 3396 419 3449 Β
438 3395 594 3449 danubium
612 3396 639 3449 L
659 3399 663 3465 Ι
684 3395 777 3465 glacie
795 3396 899 3450 flumen
917 3399 947 3465 (n
964 3413 1053 3464 sopra
1071 3412 1129 3451 rer·

113 3466 182 3532 arm)
211 3463 355 3532 equitatur
381 3465 486 3520 mutius
515 3468 608 3535 (prior
634 3483 654 3520 u
676 3473 796 3522 correcta
819 3485 853 3521 ex
876 3469 902 3536 ο)
925 3467 1005 3534 infra
1027 3469 1129 3522 omisso

99 3541 171 3600 poet
187 3534 344 3588 danuuium
359 3537 388 3590 B
401 3537 411 3606 ΙΙ
428 3543 459 3592 19
479 3536 619 3592 ammissis
639 3537 730 3608 (prior
747 3556 776 3590 m
794 3539 932 3606 transfixae
949 3543 974 3592 et
992 3539 1086 3606 erosa)
1101 3537 1129 3590 B
