2334 3922
111 173 155 238 20
476 175 587 251 suom
604 175 765 227 marona

112 358 169 418 que
189 373 230 381 —
250 357 305 419 pro
324 338 480 418 pudor-
500 340 593 399 oiotos
613 339 685 399 adeo
705 338 815 418 gloriae
835 340 936 420 luisse,
955 349 989 400 ut
1007 344 1146 419 captum·

112 428 254 508 oppidum
277 427 395 488 Gnaeus
413 426 542 487 Marcius
566 427 740 487 Coriolanus
764 430 848 506 quasi
867 427 1057 489 Numantiam
1076 437 1125 490 aut

59 536 91 585 10
110 517 239 577 Africam
262 519 376 577 nomini
400 514 546 576 indueret.
585 522 685 576 extant
708 524 738 576 et
758 522 842 594 parta
862 517 898 576 de
917 517 1004 578 Antio
1024 518 1126 599 spolia,

110 623 185 684 quae
208 606 342 666 Maenius
369 607 401 665 in
430 611 571 682 suggestu
598 605 655 664 lori
682 612 767 684 capta
789 606 920 666 hostium
944 605 1039 667 classe
1064 608 1123 668 sui-

109 695 173 754 fixit
196 729 237 737 -
263 697 289 754 si
320 701 419 754 tamen
451 692 500 753 illa
531 692 648 774 classis,
680 711 749 754 nam
776 712 829 754 sex
857 694 940 755 luere
967 702 1121 756 rostratae.
1147 710 1158 752 e

56 802 88 849 11
111 783 162 843 sed
186 783 235 843 hic
258 801 401 843 numerus
424 781 483 841 illis
507 783 602 841 initiis
625 781 726 842 navale
749 782 861 843 bellum
885 783 947 843 fuit.
992 787 1125 863 pervica-

110 873 223 932 cissimi
250 879 351 932 tamen
379 870 553 931 Latinorum
581 870 676 950 Aequi
703 877 734 931 et
755 870 854 931 Volsci
882 872 964 932 luere
994 879 1024 933 et
1053 875 1124 933 coti·

57 979 90 1026 12
110 960 205 1041 diam,
232 967 266 1020 ut
294 963 337 1020 sic
366 960 506 1040 dixerim,
534 960 643 1020 hostes.
691 958 743 1020 sed
770 959 826 1020 hos
853 962 1015 1039 praecipue
1041 961 1124 1022 Titus

110 1049 266 1119 Quinctius
295 1049 421 1128 domuit,
449 1047 500 1108 ille
524 1047 651 1108 dictator
674 1047 711 1107 ab
734 1055 846 1129 aratro,
875 1051 927 1127 qui
950 1048 1073 1110 obsessa
1096 1057 1126 1111 et

109 1155 202 1215 paene
235 1139 294 1202 iam
326 1144 410 1216 capta
437 1135 538 1196 Manili
571 1136 702 1197 consulis
730 1144 826 1197 castra
855 1139 974 1215 egregia
1002 1141 1125 1199 victoria
1138 1153 1159 1192 1⁰

57 1243 91 1292 13
110 1228 305 1304 recuperavit.
351 1226 482 1285 medium
514 1231 578 1285 erat
610 1233 728 1305 tempus
760 1226 837 1285 forte
868 1229 1024 1308 sementis,
1058 1246 1125 1288 cum

110 1316 269 1393 patricium
297 1315 394 1374 virum
422 1316 558 1374 innixum
581 1321 679 1374 aratro
703 1332 757 1374 suo
780 1313 868 1374 lictor
890 1317 922 1374 in
945 1317 1011 1394 ipso
1035 1334 1124 1395 opere

111 1402 314 1482 deprehendit.
360 1403 429 1463 inde
457 1405 489 1462 in
512 1405 607 1463 aciem
629 1405 794 1484 proiectus,
823 1421 860 1464 ne
885 1403 956 1481 quid
979 1422 996 1463 a
1019 1407 1125 1465 rustici

111 1494 210 1569 operis
229 1493 395 1552 imitatione
414 1499 555 1571 cessaret,
574 1510 657 1552 more
676 1491 825 1571 pecudum
844 1490 1020 1571 subiugum
1035 1495 1124 1553 misit.

59 1597 93 1646 14
112 1581 155 1639 sic
186 1580 374 1659 expeditione
404 1581 486 1640 finita
514 1579 593 1640 redit
620 1580 656 1640 ad
685 1580 776 1641 hoves
803 1599 909 1641 rursus
936 1581 1125 1660 triumphalis
1139 1593 1161 1634 1⁵

59 1685 93 1734 15
112 1667 239 1745 agricola
259 1702 300 1710 —
320 1669 409 1729 fidem
427 1671 583 1729 numinum
602 1703 644 1710 -
665 1688 722 1748 qua
741 1668 904 1730 velocitate.
942 1671 1021 1730 iutra
1041 1673 1126 1749 quin-

111 1756 207 1816 decim
231 1756 295 1816 dIes
314 1764 452 1837 coeptum
472 1763 686 1836 peractumque
704 1757 825 1839 bellum,
848 1776 973 1837 prorsus
991 1766 1025 1819 ut
1044 1759 1126 1820 lesti-

110 1862 197 1904 nasse
222 1845 348 1906 dictator
370 1847 406 1906 ad
430 1846 568 1906 relictum
592 1865 667 1925 opus
690 1847 851 1908 videretur.

179 2070 201 2122 I
215 2074 230 2121 1
250 2067 342 2122 uictus
357 2069 385 2123 Β
402 2069 536 2124 Iordanis
554 2071 610 2124 cod.
626 2069 862 2151 Heidelbcepeoaia
898 2068 1006 2152 gloriae
1021 2073 1047 2140 (ο
1067 2088 1124 2127 cor·

110 2145 184 2194 recta
203 2157 236 2194 eac
255 2157 273 2193 a
289 2158 324 2194 m.
347 2143 372 2209 1)
392 2141 421 2194 Β
440 2143 450 2209 11
470 2146 486 2193 3
507 2138 634 2193 affricam
650 2140 688 2212 Ι1
704 2156 817 2194 nomme
836 2141 864 2195 Β
901 2141 1017 2195 mduere
1036 2142 1065 2195 B
1084 2142 1125 2195 in-

112 2209 227 2264 duceret
239 2212 273 2265 N
285 2213 289 2280 1
306 2210 427 2265 Exstant
440 2211 467 2264 L
480 2212 490 2280 11
503 2216 520 2264 4
534 2209 642 2265 menius
657 2213 679 2265 I
688 2211 761 2266 Voss.
776 2227 922 2265 menemus
936 2213 964 2267 Β
978 2212 1125 2267 moenibus

112 2281 146 2334 N
150 2281 294 2354 ‚menibus
318 2283 345 2336 L
370 2282 374 2354 1
400 2284 532 2351 sucgestu
556 2285 581 2350 (c
603 2299 690 2351 cupra
712 2285 828 2352 cerotem)
846 2283 875 2336 B
898 2285 1031 2353 suggesto
1050 2285 1105 2339 LI
1117 2285 1127 2355 11

112 2358 127 2404 o
147 2350 245 2405 classis
269 2355 364 2421 (peior
387 2371 400 2406 s
423 2370 511 2423 sopra
533 2369 638 2408 oeream
656 2370 690 2407 m.
709 2356 737 2423 1)
755 2355 784 2408 Β
808 2356 812 2423 1
833 2359 898 2422 poet
915 2353 994 2408 fuere
1012 2355 1046 2408 N
1061 2357 1125 2410 add.

112 2421 188 2476 solae
212 2425 221 2491 11
245 2429 260 2475 6
279 2423 326 2477 hie
349 2441 399 2480 om.
423 2426 452 2479 B
477 2427 481 2493 1
506 2422 728 2492 peruicacissimi
751 2426 933 2494 (posteriorc
955 2425 1033 2492 faeta
1051 2443 1086 2481 eac
1103 2427 1126 2496 r)

54 2523 64 2540 .
111 2492 138 2545 L
161 2495 171 2560 11
193 2500 207 2546 7
228 2493 320 2547 uulsci
337 2496 366 2549 A
381 2495 385 2566 1
402 2494 577 2562 quottidieni
595 2496 623 2549 Β
645 2497 655 2564 11
678 2500 694 2549 8
713 2494 754 2548 cic
773 2497 798 2564 (o
816 2513 903 2564 sopra
920 2512 1028 2551 oeream
1045 2514 1080 2552 m.
1100 2502 1126 2566 1)

111 2563 140 2616 Β
156 2565 160 2630 1
176 2563 226 2616 sed
244 2563 295 2618 hos
315 2581 365 2620 om.
385 2567 413 2620 Β
432 2567 461 2619 ct
479 2565 530 2619 hos
549 2567 618 2635 1119
638 2565 764 2634 quintius
784 2566 837 2620 LI
846 2567 855 2635 11
870 2573 904 2620 10
922 2567 1038 2635 captam
1056 2567 1126 2622 anili

111 2636 241 2708 (correxit
259 2652 293 2689 m.
308 2637 336 2703 1)
350 2637 378 2690 B
398 2638 483 2704 capte
501 2635 602 2689 manlii
618 2637 641 2690 Ι
655 2640 740 2706 capte
757 2636 846 2692 merci
864 2636 974 2691 mamili
992 2637 1027 2692 N
1042 2641 1126 2708 capta

112 2703 212 2757 marcii
236 2704 337 2758 manlii
360 2707 387 2760 L
413 2706 444 2761 L.
467 2706 622 2761 Minucium
644 2708 745 2764 Idoe'oa
770 2709 892 2778 appellat
913 2709 971 2763 ΙΗ
984 2714 1037 2778 25,
1056 2715 1124 2780 leq.

111 2781 137 2829 et
154 2775 367 2857 'VelecMnn
391 2778 431 2830 II
449 2783 532 2859 7,·7;
566 2777 596 2842 Q.
626 2777 780 2860 Minucium
808 2780 841 2834 de
865 2781 916 2835 oie.
946 2781 1093 2848 tlt.17,1
1119 2779 1123 2851 1

110 2861 228 2971 aee
240 2848 838 2990 ,aaaetlr
850 2850 1125 3002 1111111

111 2990 187 3041 saret
211 2988 244 3055 0,
268 3006 318 3044 om.
343 2991 372 3059 I,
396 2992 493 3046 deiecit
516 2991 699 3046 Maternaeque
724 2995 728 3060 1
753 2991 852 3060 nequit
874 2993 902 3046 Β
929 2991 1036 3060 neqmd
1059 2993 1099 3048 B¹
1116 2993 1125 3061 11

111 3065 145 3112 14
163 3058 353 3115 immitetione
371 3064 400 3117 Β
420 3063 425 3131 1
444 3062 582 3131 pecodum
599 3077 676 3116 more
694 3064 718 3116 1·
734 3064 743 3131 11
766 3067 800 3116 15
819 3062 860 3115 sic
878 3079 928 3117 om.
950 3065 970 3116 Ι
991 3066 995 3132 1
1012 3062 1125 3134 expedi-

111 3128 242 3199 tioneque
260 3132 283 3184 I
299 3131 303 3203 1
324 3131 410 3185 rediit
427 3133 456 3186 A
475 3136 480 3202 1
496 3133 583 3187 uobcs
602 3133 630 3187 Β
647 3133 735 3187 boues
754 3134 795 3187 B1
817 3135 826 3202 11
851 3139 884 3186 16
902 3132 972 3187 Fide
992 3135 1034 3200 01
1051 3134 1123 3189 uelo-

111 3200 205 3326 citatq
216 3203 255 3272 (m
269 3209 334 3273 post
348 3206 524 3272 posteriorem
543 3220 559 3258 e
577 3207 667 3274 eroco)
685 3205 714 3259 Β
735 3206 745 3273 11
770 3210 803 3260 11
823 3205 938 3273 ceptum
955 3206 977 3258 I
993 3204 998 3276 1
1018 3204 1124 3260 bellum

108 3287 158 3326 om.
