2334 3922
118 182 161 246 32
481 183 590 234 onom
608 161 768 233 errrou'a

118 348 266 429 quondam
285 355 314 408 et
332 347 454 427 Apuliae
473 348 625 424 totiusque
644 345 790 406 Lucaniae
810 351 907 425 caput,
929 363 998 405 cum
1017 347 1131 423 magni-

118 438 220 497 tudine
258 444 287 496 et
323 438 417 496 muris
449 442 596 514 portuque
629 434 751 515 nobilis,
786 442 850 494 tum
883 433 1029 494 mirabilis
1064 436 1131 495 situ.

82 528 227 604 equippe
256 528 288 585 in
314 526 388 603 ipsis
411 523 553 584 Hadriani
579 525 670 583 maris
698 523 833 584 saucibus
858 524 955 601 posita
978 525 1010 582 in
1034 525 1132 583 omnis

117 622 221 693 terras,
235 614 376 673 Histriam
390 611 549 693 Hlyricum,
563 611 675 691 Epiron
689 611 838 691 Achaiam,
851 610 981 671 Africam
997 611 1132 672 Siciliam

118 702 182 762 vela
204 702 334 762 dimittit.
381 703 518 761 imminet
540 703 640 779 portui
663 701 699 760 ad
722 706 913 779 prospectum
936 702 1028 760 maris
1051 703 1131 779 posi-

82 843 83 847 ,
118 800 181 852 tum
205 793 300 850 mains
324 790 486 870 theatrum,
510 789 588 868 quod
612 789 732 867 quidem
756 807 844 849 causa
867 790 994 849 miserae
1018 791 1133 849 civitati

83 881 174 940 4luit
207 881 338 940 omnium
369 877 576 938 calamitatum.
627 877 724 941 ludos⁴
743 877 818 937 forte
849 876 1030 957 celebrabat,
1065 895 1132 938 cum

119 968 337 1045 adremigantes
365 966 446 1027 litori
468 967 614 1026 Romanas
640 965 750 1026 classes
774 965 875 1026 vident
902 972 991 1044 atque
1014 966 1132 1026 hostem

84 1059 176 1115 orati
209 1058 350 1135 emicant,
389 1058 452 1115 sine
486 1056 658 1115 discrimine
691 1054 842 1115 insultant.
888 1056 940 1133 qui
973 1056 1055 1114 enim
1084 1062 1133 1116 aut

120 1144 198 1204 unde
227 1139 373 1204 Romani?
410 1162 465 1204 nec
498 1146 578 1204 satis.
625 1144 726 1203 aderat
758 1145 821 1203 sinc
853 1161 937 1203 mora
969 1143 1132 1222 querellam
1146 1161 1165 1199 1·

120 1234 218 1292 ferens
251 1232 366 1311 legatio.
434 1233 510 1292 hanc
542 1250 659 1310 quoqne
687 1231 773 1292 loede
800 1250 855 1310 per
882 1231 1044 1292 obscenam
1071 1240 1133 1293 tur-

85 1333 247 1401 cpemque
275 1321 357 1381 dictu
383 1320 591 1381 contumeliam
615 1319 740 1400 violant3
769 1327 799 1380 et
821 1320 891 1380 hine
913 1319 1034 1381 bellum.
1082 1321 1133 1381 sed

120 1417 276 1489 apparatus
300 1409 466 1490 horribilis,
489 1428 557 1470 cum
580 1416 624 1469 tot
647 1408 735 1469 simul
758 1408 861 1488 populi
883 1427 938 1488 pro
962 1409 1134 1470 Tarentinis

119 1505 334 1577 consurgerent
358 1497 554 1577 omnibusque
578 1498 782 1558 vehementior
804 1497 945 1579 Pyrrhus,
969 1500 1021 1577 qui
1046 1501 1133 1559 semi-

119 1605 253 1665 graecam
287 1606 324 1647 ex
352 1586 593 1647 Lacedaemoniis
626 1585 830 1646 conditoribus
859 1588 1009 1647 civitatem
1038 1588 1167 1647 vindi-1:

119 1682 238 1735 caturus
276 1693 343 1735 cum
375 1678 446 1735 totis
479 1675 592 1735 viribus
624 1675 708 1754 Epiri
740 1674 909 1735 Thessaliae
942 1674 1133 1736 Macedoniae

118 1765 335 1841 incognitisque
368 1766 399 1823 in
431 1763 462 1823 id
489 1770 606 1843 tempus
635 1763 800 1842 elephantis
828 1765 904 1823 mari
931 1771 1027 1845 terra,
1061 1767 1133 1825 viris

118 1854 202 1929 equis
240 1853 346 1932 annis,
383 1851 482 1911 addito
520 1855 643 1931 insuper
675 1852 806 1912 ferarum
837 1859 953 1912 terrore
986 1853 1133 1914 veniebat.

84 1953 99 2000 r
118 1947 188 2018 aput
206 1939 378 2001 Heracleam
397 1939 573 2019 Campaniae
596 1940 778 2019 fluviumque
797 1938 891 2000 Lirim
910 1939 1040 2001 Laevino
1065 1961 1133 2002 eon·

119 2027 181 2088 sule
214 2031 309 2106 prima
340 2047 452 2109 pugna,
485 2048 560 2107 quae
593 2035 653 2089 tam
685 2035 769 2088 atrox
802 2029 858 2109 fuit
887 2036 921 2089 nt
948 2028 1132 2091 Ferentanae
1145 2045 1164 2084 ²¹

188 2184 210 2236 I
225 2188 239 2234 1
260 2181 392 2253 apulianp
411 2182 558 2252 (virgulam
576 2182 653 2249 iufra
672 2197 687 2235 e
702 2168 766 2236 aad.
781 2199 815 2236 m.
831 2184 858 2250 1)
872 2182 900 2235 Β
913 2183 923 2251 ΙΙ
937 2187 953 2234 2
968 2181 1081 2237 nobiles
1095 2184 1116 2237 I
1126 2184 1129 2243 l

118 2252 243 2306 mirabili
261 2255 289 2308 A
311 2256 320 2322 ΙΙ
342 2261 357 2305 3
376 2251 528 2307 hadriatici
547 2253 581 2306 N
601 2251 734 2306 adriatici
751 2252 778 2305 L
802 2251 899 2306 adriae
921 2254 944 2306 Ι
963 2255 968 2323 Ι
993 2253 1086 2308 omnis
1105 2253 1137 2307 N

118 2323 246 2377 omnibus
266 2324 293 2378 Β
312 2339 407 2379 omnes
426 2322 574 2378 B¹N²L1
591 2324 601 2392 ll
623 2328 641 2374 4
659 2321 799 2391 hystriam
817 2323 878 2377 BL
898 2324 902 2392 Ι
922 2322 1068 2393 ylliricum
1086 2325 1130 2392 Ll

119 2394 228 2463 epirum
248 2394 271 2448 d
290 2410 396 2464 epyron
414 2396 435 2448 1
450 2396 460 2464 ll
481 2400 496 2448 5
521 2393 569 2447 uel
592 2393 720 2447 admittit
743 2395 775 2447 io
792 2393 857 2448 uela
877 2393 998 2448 dimittit
1017 2398 1133 2451 metavit

120 2466 161 2519 Β1
179 2464 269 2518 mittit
287 2466 314 2518 L
328 2468 367 2535 μθ
386 2464 477 2519 maius
496 2481 545 2519 om.
565 2465 593 2518 A
609 2467 613 2534 Ι
629 2463 792 2518 theathrum
810 2466 838 2520 Β
859 2468 863 2533 Ι
879 2463 1005 2536 ciuitati]
1026 2465 1132 2537 cupidi·

120 2533 188 2588 tatis
207 2535 280 2604 Ill
300 2535 507 2589 calamitatium
525 2536 553 2588 Β
569 2535 573 2605 Ι
590 2535 773 2589 celebrabant
792 2537 821 2605 (n
840 2553 927 2605 supra
945 2540 1063 2607 cereum)
1082 2537 1108 2591 L
1127 2538 1130 2607 l

119 2607 532 2746 caesareumque*
543 2605 951 2748 attrectaretur
967 2611 1133 2734 'th113

120 2748 306 2815 (posteriorem
320 2747 331 2800 l
343 2750 427 2803 erosit
436 2766 470 2803 ru.
482 2750 508 2816 1)
518 2748 546 2801 Β
562 2746 716 2815 querellam
726 2749 753 2802 L
763 2747 912 2817 querillam
921 2751 943 2803 I
952 2696 1009 2831 llqll
1021 2749 1132 2805 foedare

119 2819 146 2872 Β
162 2820 166 2885 Ι
183 2833 333 2886 opacenam
352 2818 380 2888 (b
398 2836 485 2888 supro
502 2837 521 2887 p
540 2821 633 2886 posuit
649 2837 683 2874 m.
703 2822 733 2889 2)
752 2821 779 2873 Β
802 2822 811 2889 ΙΙ
836 2825 868 2872 12
886 2818 996 2874 Ethc
1016 2821 1044 2875 L
1065 2823 1075 2891 l
1099 2826 1131 2874 ia

117 2905 167 2957 pro
185 2888 349 2960 tarentinis]
366 2891 533 2958 portarent·
549 2889 579 2942 in
596 2888 641 2942 his
655 2890 689 2943 N
699 2892 708 2959 ll
723 2895 757 2943 14
777 2907 840 2943 eum
854 2893 1002 2960 surgerent
1016 2893 1043 2946 L
1058 2895 1063 2963 t
1079 2908 1132 2960 qne

117 2993 167 3032 om.
182 2977 209 3030 L
224 2979 228 3046 Ι
245 2977 418 3031 neementior
432 2978 459 3031 Β
477 2962 652 3033 ιιὲθωθηῐίοτ
661 2979 702 3032 Β1
718 2978 723 3050 l
738 2978 878 3048 phyrrhus
889 2979 1052 3048 (prioremh
1062 2982 1133 3035 inter

116 3050 289 3104 scribendam
317 3049 417 3104 liruolo
444 3053 608 3117 transitorem
631 3056 727 3119 posteo
754 3052 838 3105 aaut
864 3067 897 3105 m.
921 3053 948 3119 1)
976 3051 1005 3104 Β
1033 3067 1132 3120 pyrrus

120 3119 166 3174 01
186 3124 190 3186 l
215 3119 278 3187 quis
302 3119 490 3190 eamigrecam
511 3121 542 3174 in
565 3121 613 3188 qui
636 3119 838 3189 semigraecam
860 3123 980 3177 metavit
1002 3123 1044 3176 B¹
1067 3124 1077 3192 ΙΙ
1103 3127 1132 3176 16

116 3190 205 3244 totius
225 3189 266 3259 Ol
283 3190 358 3259 aperi
377 3193 404 3244 Β
424 3191 502 3260 epyri
520 3190 687 3260 B¹N1qir
707 3190 839 3246 elefantis
856 3192 910 3246 LI
917 3193 928 3261 ΙΙ
942 3195 976 3245 18
996 3192 1133 3247 serrarum

118 3262 251 3329 (priorem
269 3279 283 3314 r
300 3264 385 3317 erosit
403 3280 436 3317 ue.
453 3265 479 3330 1)
496 3263 523 3316 Β
537 3264 546 3332 ΙΙ
562 3267 595 3314 19
614 3261 698 3330 'Apud
716 3262 770 3316 LI
781 3262 940 3329 {eracleam
959 3263 986 3317 A
1002 3265 1007 3333 Ι
1025 3266 1053 3317 et
1072 3270 1132 3318 ante

118 3332 271 3401 campaniae
282 3336 345 3387 odd.
359 3333 382 3388 O
395 3336 398 3402 Ι
415 3332 581 3387 Heracleam
596 3334 625 3386 et
638 3331 755 3385 fluvium
769 3332 853 3387 Sirim
865 3333 1009 3416 Souppiue
1021 3336 1133 3405 reliquis

118 3405 237 3471 occissis,
261 3410 291 3458 ot
312 3423 336 3459 o.
363 3404 476 3459 Orosius
494 3404 622 3471 IV1,8
648 3406 652 3471 Ι
677 3420 731 3471 que
754 3421 804 3459 om.
826 3404 850 3458 0
871 3406 875 3474 Ι
900 3402 976 3458 lirim
1000 3407 1033 3460 ta
1050 3404 1133 3475 lyrim

117 3476 234 3528 mutavit
252 3475 292 3526 13²
310 3473 391 3528 liram
409 3476 446 3543 ΙΙ
463 3473 625 3528 oonsulibus
644 3475 671 3528 L
691 3477 700 3543 ΙΙ
723 3479 758 3527 20
777 3481 858 3529 atrox
876 3477 904 3544 (a
922 3483 1046 3532 correcte
1063 3493 1098 3532 ea
1115 3493 1132 3528 u

120 3559 153 3596 or.
179 3545 205 3610 1)
227 3545 255 3596 B
280 3547 284 3613 Ι
309 3544 400 3599 ferent
428 3561 517 3598 aneae
544 3548 651 3615 (portes
677 3547 804 3601 vocabuli
832 3548 980 3602 contremit
1002 3565 1038 3603 m.
1057 3551 1085 3618 1)
1107 3547 1132 3601 Β
