2334 3922
471 163 496 231 Ι,
517 169 549 217 ‘22
570 163 617 232 (II,
639 166 665 232 6)
1037 163 1082 228 55

62 330 189 391 dubium
218 329 325 389 deinde
354 347 414 389 non
443 330 501 389 erit
529 331 601 407 quin
626 327 764 389 ultimum
787 328 870 390 illum
895 329 1133 431 (112121121111

62 427 131 480 tura
155 419 246 479 fuerit
263 418 355 478 Roma
380 419 577 496 quintumque
601 419 679 477 intra
701 417 780 477 diem
800 417 915 496 epulari
934 418 1081 480 Hannibal

63 509 95 567 iu
120 505 264 585 Capitolio
288 508 432 586 potuerit,
456 508 496 585 si,
519 505 598 585 quod
620 506 753 566 Poenum
776 505 861 567 illum
884 507 996 568 dixisse
1020 507 1081 568 lla·

63 595 215 656 harbalem
243 594 416 656 Bomilcaris
448 594 562 675 serunt,
593 592 740 655 Hannibal
773 612 862 673 quom
894 595 931 654 ad
959 596 1080 656 modum

36 687 156 745 asciret
185 687 305 744 vincere
338 686 382 744 sic
409 685 454 744 uti
480 685 603 743 victoria
631 685 746 743 scisset.
793 691 839 743 sot
865 690 930 743 tum
958 683 1078 762 quidem
1098 697 1133 746 2ο

64 772 161 853 illum,
191 780 223 832 ut
251 772 312 833 dici
339 771 423 850 volgo
452 771 540 852 solet,
568 779 618 832 aut
646 772 739 832 latum
766 771 850 832 urbis
879 774 1078 850 imperaturae

64 869 115 922 aut
138 863 234 940 ipsius
257 880 342 921 mens
366 861 441 921 mala
464 868 493 920 et
517 863 614 920 aversi
637 878 653 920 a
673 860 849 938 Carthagine
873 861 904 921 di
926 863 958 921 in
982 860 1079 921 diver-

64 968 131 1010 sum
164 949 359 1011 abstulerunt.
410 968 478 1026 cum
510 951 632 1009 victoria
663 957 766 1028 posset
797 952 854 1029 uti,
887 949 948 1010 lrui
975 948 1080 1010 maluit
1098 962 1133 1011 21

64 1039 227 1117 relictaque
251 1038 342 1098 Roma
367 1037 556 1116 Campaniam
579 1037 799 1116 Tarentumque
826 1056 998 1119 peragrare,
1029 1037 1081 1098 ubi

23 1144 49 1184 (ο
64 1146 133 1187 mox
167 1134 197 1187 et
230 1130 293 1206 ipse
327 1134 357 1186 et
389 1129 538 1186 exercitus
571 1126 659 1186 ardor
690 1126 821 1204 elanguit
847 1126 920 1187 adeo
948 1135 982 1187 ut
1008 1145 1079 1188 vere

63 1217 178 1277 dictum
205 1217 244 1276 sit
271 1215 400 1294 Capuam
428 1214 586 1274 Hannibali
610 1214 725 1275 Cannas
753 1214 854 1274 fuisse.
901 1217 928 1275 si
956 1215 1079 1294 quidem
1098 1228 1132 1276 22

62 1307 208 1365 invictum
230 1303 362 1383 Alpibus,
385 1303 563 1363 indomitum
586 1305 677 1363 armis
699 1302 841 1381 Campani
860 1337 902 1346 —
922 1305 990 1381 quis
1013 1323 1078 1365 cre·

63 1389 236 1454 (122211-
260 1391 338 1452 soles
362 1399 391 1451 et
413 1399 551 1470 tepentes
574 1391 706 1451 fontibus
730 1391 817 1451 Baiae
842 1391 1033 1470 subegerunt.

130 1481 253 1541 Interim
281 1483 430 1559 respirare
454 1479 604 1540 Romanus
631 1487 660 1539 et
684 1482 770 1559 quasi
793 1479 829 1540 ab
853 1480 957 1540 inseris
981 1498 1077 1540 emer·
1096 1495 1132 1544 23

23 1584 49 1625 15
63 1588 142 1649 gere.
192 1587 272 1630 arma
305 1587 365 1629 non
397 1576 494 1629 erant:
531 1569 662 1629 detracta
696 1575 765 1629 sunt
796 1567 925 1648 templis.
976 1569 1079 1630 deerat

62 1661 216 1719 iuventus:
244 1660 275 1718 in
304 1665 522 1718 sacramentum
544 1657 668 1717 liberata
692 1659 820 1717 servitia.
867 1656 972 1735 egebat
995 1676 1077 1719 aera·
1096 1671 1133 1719 24

62 1750 155 1807 rium:
184 1765 255 1826 opes
284 1764 352 1807 suas
380 1745 477 1806 libens
503 1752 623 1806 senatus
647 1747 678 1805 in
701 1745 834 1807 medium
856 1745 994 1826 protulit,
1022 1765 1078 1807 uec

61 1844 182 1915 praeter
212 1835 292 1914 quod
319 1837 351 1894 in
378 1833 467 1894 bullis
497 1833 682 1913 singulisque
710 1835 806 1895 anulis
831 1841 895 1894 erat
918 1836 1079 1914 quicquam

29 2100 51 2151 I
61 2097 169 2164 (priano
193 2081 352 2149 a'eorrecta
375 2111 409 2148 ue.
434 2097 449 2145 1
474 2109 507 2146 ex
530 2095 554 2162 e)
574 2093 601 2146 Β
624 2094 633 2160 11
658 2099 671 2145 1
693 2091 741 2160 qui
766 2090 928 2147 multimum
949 2095 982 2147 r'u
1010 2093 1079 2162 quin

60 2182 194 2237 ultimum
212 2185 329 2237 mutavit
346 2181 387 2234 B¹
403 2183 407 2250 1
422 2164 538 2235 'abitura
556 2182 682 2250 (spiritus
699 2198 732 2235 m.
753 2185 780 2250 1)
799 2182 827 2234 Β
849 2183 859 2250 11
877 2187 892 2234 2
911 2180 1005 2236 fuerat
1023 2181 1051 2235 Β
1072 2181 1076 2253 1

61 2252 181 2319 annibal
199 2255 221 2306 I
239 2255 249 2322 11
272 2257 288 2305 3
309 2251 333 2305 21
354 2253 441 2323 quod]
461 2251 535 2304 sicut
551 2254 573 2305 I
593 2253 597 2320 1
623 2250 806 2305 adherbalem
825 2253 959 2321 (priorem
977 2268 992 2305 e
1010 2253 1078 2306 iria

60 2326 180 2380 mutarit
201 2342 235 2378 m.
256 2326 283 2392 1)
302 2323 336 2376 N
355 2322 392 2376 ad
417 2321 542 2376 arbalem
561 2323 587 2376 L
609 2325 618 2392 11
642 2321 847 2376 4220121122112
864 2324 897 2376 iu
913 2320 1077 2376 hamilcaris

60 2396 236 2451 (2212211Ν1
250 2392 399 2448 hamilcari
413 2396 435 2447 I
446 2397 450 2462 1
468 2393 569 2448 aiente
583 2392 700 2447 annibal
714 2394 777 2448 odd.
792 2395 814 2446 I
826 2397 829 2454 Ι
846 2408 919 2461 quae
933 2394 961 2447 Β
975 2409 1079 2462 quaem

59 2468 102 2521 B¹
116 2468 156 2535 115
176 2467 221 2520 221
238 2482 288 2520 om.
310 2463 397 2519 asad
415 2465 438 2518 I
446 2466 486 2534 116
505 2463 591 2534 uulgo
610 2463 677 2517 AN
680 2464 722 2518 ²L
737 2462 742 2534 1
759 2463 837 2518 soled
852 2465 889 2535 11
905 2463 1079 2535 imperaturo

60 2540 160 2607 (supra
183 2539 361 2605 posteriorem
389 2551 407 2588 2
430 2537 553 2616 porculo
580 2536 693 2603 rasura)
717 2534 751 2588 N
774 2535 821 2589 uel
842 2533 967 2608 periturq
990 2552 1079 2606 supra

58 2625 168 2664 versum
186 2607 287 2676 1111111
310 2607 474 2675 carthagine
493 2605 523 2673 (h
540 2623 599 2674 sup.
619 2623 685 2661 cers.
704 2624 739 2660 m.
759 2609 786 2675 1)
805 2606 839 2660 Ν
854 2605 1020 2678 chartagine
1034 2610 1056 2661 I
1071 2607 1076 2680 1

60 2679 92 2733 (11
106 2682 139 2734 r'rr
151 2678 304 2734 (222((2Β1
319 2676 360 2730 (111
369 2677 422 2730 LI
430 2679 440 2746 11
454 2682 470 2730 8
485 2675 676 2730 abstollerunh
684 2679 817 2747 (priorem
830 2676 841 2730 1
855 2680 992 2748 2211122211
1004 2696 1038 2733 ru.
1050 2681 1078 2748 1)

60 2751 112 2820 Ν1
128 2748 220 2820 possit
237 2750 259 2801 I
268 2751 307 2818 119
327 2746 477 2817 campania
490 2748 518 2800 Β
534 2749 538 2817 1
554 2746 678 2818 perrexit
690 2749 719 2803 A
735 2747 739 2820 1
755 2747 804 2801 ubi
822 2765 888 2803 mox
906 2749 927 2818 (i
945 2767 974 2802 m
991 2766 1079 2819 cupra

59 2838 169 2877 cereum
186 2838 221 2874 m.
240 2821 267 2888 1)
286 2820 314 2873 Β
331 2821 341 2888 11
363 2824 396 2872 10
414 2817 503 2887 ipsius
523 2825 586 2873 uate
604 2818 743 2873 exercitus
762 2821 827 2875 add.
845 2821 874 2874 A
894 2822 923 2874 21
940 2819 1030 2889 ipsius
1049 2821 1078 2875 21

60 2891 202 2946 exercitus
211 2890 341 2946 Dulrerue
357 2891 361 2957 1
377 2904 475 2942 uerum
486 2888 509 2943 0
520 2891 529 2958 11
544 2894 575 2942 11
592 2889 720 2944 annibali
729 2891 756 2944 A
769 2890 773 2962 1
789 2906 910 2944 cannam
920 2889 1078 2960 1111212221

60 2965 89 3017 Β
102 2968 112 3033 11
128 2968 160 3016 12
175 2978 230 3030 que
240 2967 304 3030 post
317 2959 486 3014 indomitum
500 2962 564 3015 adol.
574 2961 602 3014 A
618 2962 622 3029 1
639 2961 794 3031 campaniae
806 2962 829 3017 0
839 2963 848 3030 11
863 2966 897 3013 14
906 2959 1078 3015 Permissum

59 3036 105 3088 esi
124 3039 188 3088 arete
206 3031 320 3086 interim
338 3033 402 3085 odd.
421 3031 449 3085 A
470 3035 473 3097 1
494 3029 646 3102 respiraret
663 3033 686 3100 (1
704 3035 792 3102 eraso)
811 3033 839 3086 Β
855 3035 859 3101 1
879 3030 1002 3085 romanis
1021 3031 1049 3085 A
1070 3031 1074 3102 1

60 3119 204 3174 emergere
223 3104 331 3172 (primu
344 3117 360 3156 e
374 3103 652 3157 turcomannorum
667 3105 831 3172 litterarum)
846 3103 873 3156 Β
887 3105 896 3173 11
912 3109 945 3155 15
959 3100 1078 3156 deerant

60 3180 90 3244 (2
109 3177 208 3243 deleta)
226 3173 254 3226 B
277 3175 286 3241 11
310 3177 343 3225 16
366 3171 498 3226 iubentus
516 3174 538 3226 Ι
559 3175 563 3241 1
585 3172 696 3226 militiae
720 3181 783 3228 aute
801 3173 924 3228 liberata
942 3173 1007 3228 odel.
1028 3172 1074 3244 01

59 3246 299 3375 utilitati
318 3244 652 3384 inlltblllblllbf
666 3247 693 3383 l
708 3250 746 3369 11
760 3243 1077 3385 ltbtltllhhtlll

59 3388 154 3443 anulis
168 3388 301 3443 Iordanis
318 3387 376 3441 eod.
391 3386 576 3455 Polliu'qeuar'a
594 3385 716 3456 cingulis
731 3385 879 3453 anulisque
896 3384 923 3440 0.
939 3386 1076 3442 Boethius
1119 3406 1124 3415 ·

58 3459 164 3531 sigillis
188 3456 280 3511 anulis
304 3457 453 3537 Krapriua,
477 3463 507 3510 at
528 3474 552 3511 o.
572 3456 747 3528 Arrqustiurea
769 3459 802 3513 rie
825 3459 876 3513 eir.
895 3458 922 3512 (1.
942 3458 998 3512 ΠΙ
1012 3457 1073 3531 191

57 3531 213 3601 quicquam
232 3528 298 3582 AN
302 3527 311 3560 ²
330 3543 480 3595 quisquam
500 3527 523 3582 O
