2334 3922
110 194 152 258 88
472 195 582 254 FLORI
600 195 761 253 EPITOMA

109 359 265 420 Numidiae
289 360 385 437 capita
409 361 553 438 impetum
576 359 659 439 lecit;
683 366 713 419 et
731 359 849 419 Zamam
871 358 992 438 quidem
1011 360 1125 419 frustra

110 447 243 528 adsiluit,
280 455 412 508 ceterum
450 447 571 507 Thalam
608 465 727 525 gravem
764 450 854 508 armis
890 448 1124 526 thensaurisque

58 545 90 593 12
110 540 189 614 regis
213 537 344 615 diripuit.
385 543 457 596 tunc
480 534 604 596 urbibus
627 543 749 596 exutum
771 554 873 614 regem
892 543 922 597 et
940 539 999 596 iam
1018 537 1125 608 linium

111 643 233 685 suorum
260 626 404 703 regnique
433 624 589 701 fugitivum
616 642 671 702 per
698 624 817 684 Mauros
845 632 933 704 atque
957 625 1123 685 Gaetuliam

58 712 297 791 decoquebatur.
334 720 485 792 postremo
503 712 613 773 Marius
637 715 731 774 auctis
748 713 907 777 admodum
927 716 1031 795 copiis,
1054 732 1124 774 cum
1150 725 1164 766 ⁵

108 820 163 881 pro
192 802 371 865 obscuritate
399 803 519 879 generis
543 803 590 861 sui
614 804 709 880 capite
733 819 838 864 censos
863 809 1048 865 sacramento
1072 803 1123 862 ad-

109 892 229 972 egisset,
251 893 310 949 iam
333 891 432 950 lusum
452 896 482 949 et
501 891 633 949 saucium
652 908 753 967 regem
772 890 902 971 adortus,
925 909 986 952 non
1005 890 1123 951 facilius

32 1030 36 1039 .
57 987 91 1035 14
109 985 209 1039 tamen
231 981 303 1038 vicit
326 996 414 1057 quam
438 980 464 1037 si
482 980 632 1055 integrum
651 996 684 1038 ac
703 987 862 1039 recentem.
899 979 949 1040 hic
968 987 998 1040 et
1016 979 1122 1039 urbem

108 1066 230 1127 Herculi
259 1066 408 1131 conditam
430 1065 568 1147 Capsam,
595 1069 627 1126 in
654 1067 752 1127 media
774 1066 873 1130 Africa
901 1070 951 1128 siti
975 1067 1122 1146 anguibus

109 1154 287 1233 harenisque
315 1153 462 1235 uallatam,
490 1157 567 1215 mira
594 1155 720 1234 quadam
748 1155 889 1217 felicitate
912 1158 1064 1235 superavit
1093 1164 1162 1216 et1⁰

110 1261 197 1303 saxeo
221 1243 344 1303 inditam
362 1245 457 1303 monti
479 1243 664 1304 Muluccham
681 1243 787 1304 urbem
805 1263 860 1323 per
878 1243 1020 1323 Ligurem
1039 1245 1122 1305 aditu

57 1339 90 1389 16
110 1331 202 1392 arduo
225 1333 420 1411 inacessoque
443 1334 617 1410 penetravit.
656 1350 724 1391 mox
747 1351 809 1392 non
830 1335 929 1411 ipsum
948 1333 1047 1414 modo,
1066 1333 1123 1393 'sed

109 1419 261 1481 Bocchum
290 1439 408 1500 quoque
432 1420 632 1481 Mauretaniae
656 1439 771 1499 regem,
794 1423 859 1481 iure
884 1424 1038 1500 sanguinis
1063 1420 1122 1480 Nu-

108 1510 218 1569 midam
241 1509 441 1570 vindicantem
464 1516 534 1587 aput
557 1508 698 1587 oppidum
717 1508 829 1569 Cirtam
851 1512 981 1587 graviter
1005 1509 1123 1570 cecidit.

57 1605 90 1655 to
110 1600 161 1675 qui
193 1597 246 1657 ubi
278 1599 393 1658 diffisus
426 1596 516 1657 rebus
545 1599 607 1657 suis
636 1597 748 1657 alienae
776 1597 867 1657 cladis
896 1600 1027 1658 accessio
1056 1599 1123 1658 lieri
1137 1609 1162 1650 15

45 1694 88 1768 17
109 1687 207 1765 timet,
234 1688 364 1764 pretium
391 1685 520 1745 foederis
548 1692 636 1763 atque
662 1687 808 1745 amicitiae
832 1705 933 1764 regem
956 1687 1036 1746 iacit.
1079 1688 1124 1745 sic

109 1773 398 1835 fraudulentissimus
432 1791 536 1851 regum
568 1774 670 1834 fraude
699 1792 790 1852 gener
818 1777 915 1834 soceri
943 1777 991 1834 sui
1017 1777 1050 1834 in
1077 1776 1123 1834 in-

111 1862 200 1922 sidias
238 1861 382 1923 deductus
415 1862 510 1941 Syllae
546 1863 578 1921 in
614 1881 734 1922 manum
766 1863 906 1943 traditur,
941 1863 1123 1942 tandemque

110 1959 246 2029 opertum
279 1953 391 2011 catenis
423 1950 595 2028 Iugurtham
627 1953 658 2010 in
690 1951 841 2030 triumpho
873 1951 903 2011 P.
931 1951 964 2011 R.
998 1953 1123 2030 aspexit.

57 2050 90 2099 18
110 2040 162 2100 sed
185 2039 236 2100 ille
260 2058 392 2120 quoque,
421 2041 553 2118 quamvis
577 2041 672 2099 victus
696 2057 729 2099 ac
752 2042 884 2120 vinctus,
911 2041 984 2100 vidit
1006 2039 1124 2120 urbem,
1138 2052 1163 2090 ²0

110 2148 197 2207 quam
220 2128 354 2190 venalem
377 2136 407 2188 et
430 2127 606 2206 quandoque
629 2129 807 2209 perituram,
835 2131 861 2188 si
883 2128 1038 2189 habuisset
1061 2146 1123 2188 em-

108 2224 239 2297 ptorem,
266 2218 376 2278 frustra
396 2218 552 2276 cecinerat.
599 2217 658 2275 iam
681 2222 720 2275 ut·
737 2216 849 2280 venalis
872 2217 992 2294 fuisset,
1018 2214 1123 2274 habuit

181 2427 196 2474 2
225 2422 348 2477 diuoluit
369 2423 398 2476 Β
424 2421 473 2475 diu
496 2419 588 2475 uoluit
613 2420 649 2476 0:
679 2437 747 2475 corr.
768 2419 1007 2489 Freudeuberpius
1031 2416 1124 2472 adivit

108 2493 228 2546 Iahuius
246 2492 367 2562 diripere
386 2491 477 2546 voluit
491 2492 624 2546 Halmius
638 2490 784 2546 advolarit
796 2490 983 2544 Baehreuciue
1001 2487 1125 2544 involvit

109 2563 227 2616 Beclcius
243 2565 247 2631 1
262 2563 484 2632 thensaurosque
503 2565 532 2632 (n
550 2564 685 2631 eupuuuit
702 2579 737 2616 m.
756 2562 787 2629 2)
806 2561 841 2616 N
856 2560 1059 2628 thesaurosque
1073 2559 1101 2612 L
1115 2559 1125 2630 11

110 2637 126 2685 3
145 2631 217 2702 regii
235 2636 421 2702 (posteriorem
439 2633 450 2686 i
468 2636 500 2688 iu
518 2650 530 2686 s
550 2635 666 2688 mutauit
683 2650 717 2686 m.
736 2633 837 2700 remus)
854 2631 882 2684 Β
900 2629 976 2700 regis
997 2629 1123 2698 Oregris

110 2703 241 2757 Halmius
257 2707 261 2773 1
277 2703 419 2774 disrupuit
437 2706 470 2773 (o.
488 2706 583 2759 auual.
595 2704 691 2772 philol.
707 2703 816 2757 LXVI
825 2719 855 2772 p.
871 2704 935 2771 328)
954 2703 986 2755 iu
1004 2699 1125 2770 diripuit

59 2804 80 2822 -
109 2775 227 2829 mutauit
240 2774 274 2828 N
276 2775 287 2804 ³
302 2775 307 2846 1
322 2791 417 2844 regem
435 2777 490 2844 (em
508 2780 573 2830 m.1
593 2776 625 2829 iu
638 2775 749 2842 rasura)
763 2774 795 2826 N
806 2774 846 2842 114
863 2771 1017 2843 fugitiuum
1031 2773 1125 2839 (tertia

109 2862 129 2899 u
147 2845 180 2900 m
196 2848 309 2914 maura)
324 2846 356 2900 Β
371 2850 376 2913 1
393 2846 485 2913 adque
503 2847 560 2915 Ν11
580 2851 595 2898 6
615 2861 712 2898 censor
730 2843 830 2913 11118
850 2843 875 2897 si
893 2861 943 2898 om.
958 2842 986 2895 L
1002 2845 1006 2912 1
1022 2843 1076 2896 hac
1095 2843 1124 2895 Β

110 2918 140 2971 et
160 2912 360 2997 Gl'r'egentem
378 2916 405 2969 L
425 2918 435 2985 11
455 2921 471 2968 9
490 2916 527 2970 ab
546 2915 658 2969 hercule
677 2917 705 2970 Β
722 2916 726 2983 1
743 2913 828 2968 sitam
848 2913 942 2970 Ositu
962 2914 1097 2968 Halmius
1114 2912 1124 2984 11

111 2993 145 3041 10
163 2987 330 3056 heremsque
349 2988 377 3040 Β
393 2989 396 3056 1
413 2985 552 3040 uallatam
571 2988 641 3055 (tem
659 3003 692 3042 m.
713 2991 729 3040 1
748 2987 781 3040 iu
797 2987 908 3054 rasura)
927 2984 961 3038 N
977 2986 987 3053 11
1010 2989 1042 3036 11
1062 3000 1123 3036 mn-

109 3058 240 3113 luocham
260 3060 283 3113 0
294 3059 405 3114 Sallust.
420 3059 483 3128 Iup.
499 3062 547 3124 19,
562 3063 594 3121 7,·
613 3061 664 3124 92,
679 3061 711 3124 5;
729 3062 829 3124 110,e
851 3055 1041 3109 mulucamB
1062 3071 1123 3107 mu-

109 3129 224 3183 lucham
245 3147 287 3200 oq.
311 3146 372 3185 cum
395 3129 472 3183 Mela
494 3129 547 3182 15
570 3134 596 3182 et
618 3128 713 3182 Pliuio
733 3128 760 3182 V
774 3133 811 3182 19
833 3128 843 3196 11
866 3133 899 3181 12
922 3125 1123 3193 inaccessuque

109 3201 138 3255 Β
161 3202 170 3268 11
194 3205 227 3254 13
246 3199 368 3255 bochum
387 3199 414 3252 L
438 3203 443 3268 1
467 3197 661 3252 maurethenie
680 3200 708 3252 Β
726 3197 904 3252 mauritaniae
924 3198 948 3252 0
967 3200 972 3265 1
992 3195 1124 3250 numidas

109 3271 138 3325 Β
151 3273 160 3341 11
176 3276 209 3324 14
228 3271 304 3341 apud
318 3271 378 3325 BL
389 3273 400 3342 11
415 3276 448 3323 16
466 3268 615 3340 phoedoris
629 3269 657 3322 Β
673 3267 678 3338 1
694 3268 786 3337 adque
800 3270 828 3323 Β
842 3270 851 3338 11
867 3274 899 3321 17
914 3283 999 3337 gener
1013 3284 1063 3322 om.
1081 3267 1122 3337 01

111 3341 214 3397 soceris
233 3344 381 3412 (posterior
399 3360 412 3396 s
430 3359 516 3411 supra
534 3341 649 3409 cereum)
668 3341 696 3393 Β
715 3342 725 3408 11
747 3345 781 3394 18
800 3342 844 3394 est
862 3341 891 3393 et
903 3345 968 3420 poti
986 3338 1124 3392 deductus

110 3413 175 3467 add.
197 3412 237 3481 01
254 3412 335 3467 sillae
354 3414 382 3467 Β
401 3412 480 3467 sullae
499 3412 533 3466 N
547 3413 556 3481 11
575 3415 609 3464 20
628 3411 657 3465 et
675 3410 787 3464 uinctus
805 3411 839 3465 N
854 3412 884 3464 et
901 3409 1013 3463 iunctus
1030 3409 1057 3462 L
1074 3413 1078 3478 1
1094 3409 1125 3462 ui

111 3489 174 3536 autc
196 3482 356 3608 Uidglffl·
376 3485 411 3539 N
428 3486 460 3539 iu
482 3485 515 3538 ut
532 3483 650 3538 mutauit
667 3481 701 3535 N
705 3484 714 3513 ²
732 3483 741 3552 11
763 3483 1021 3548 menumquam
1038 3496 1125 3549 supra
1149 3542 1163 3555 ,-

109 3568 216 3608 aereum
