2334 3922
461 203 486 271 I,
506 206 540 258 38
559 201 622 271 (III,
640 204 675 271 3).
1033 200 1076 266 93

60 387 167 448 pugna.
214 386 283 427 nam
311 385 379 427 cum
406 369 498 427 missa
525 366 561 426 ad
584 366 710 426 Marium
738 367 883 445 legatione
907 365 1074 427 libertatem

62 477 98 517 ac
122 456 321 517 sacerdotium
343 473 403 515 non
422 457 624 533 inpetrassent
638 489 679 496 -
695 473 751 514 nec
769 455 813 514 fas
833 462 896 514 crat
911 488 962 535 —,
986 456 1076 515 sulfo-

62 547 137 606 catis
160 543 301 623 elisisque
320 546 433 623 passim
451 544 615 604 infantibus
635 546 697 603 suis
717 551 767 603 aut
786 544 899 604 mutuis
919 544 1076 604 concidere

60 631 235 694 vulneribus
260 639 310 693 aut
332 631 450 692 vinculo
473 650 489 692 e
513 631 647 692 crinibus
672 634 735 692 suis
758 632 835 691 facto
859 630 895 691 ab
919 631 1076 692 arboribus

35 724 200 800 ringisque
223 720 427 800 plaustrorum
448 719 664 800 pependerunt.
705 719 827 780 Roiorix
850 738 903 780 rex
926 721 957 779 in
980 721 1076 798 prima
1096 730 1129 780 18

61 813 125 871 acie
149 809 295 870 dimicans
318 811 433 889 inpigre
456 827 512 869 nec
535 806 649 869 inultus
673 809 819 869 occubuit.

151 898 251 958 Tertia
279 897 490 976 Tigurinorum
518 915 637 978 manus,
669 915 743 976 quae
771 898 856 975 quasi
883 899 915 956 in
943 895 1076 957 subsidio
1163 912 1166 917 ·

61 986 187 1047 Noricos
215 985 366 1046 insederat
388 986 506 1065 Alpium
534 985 680 1066 tumulos,
707 988 739 1044 in
767 984 884 1045 diversa
911 985 986 1064 lapsi
1009 985 1077 1063 fuga

61 1074 188 1153 ignobili
216 1081 246 1134 et
273 1074 439 1134 latrociniis
461 1076 589 1134 evanuit.
634 1073 714 1134 hunc
737 1080 801 1133 tum
823 1073 934 1134 laetum
956 1080 1129 1153 umquem

22 1177 48 1215 10
61 1163 181 1223 felicem
208 1161 350 1222 liberatae
377 1162 478 1222 ltaliae
506 1162 677 1240 adsertique
705 1164 825 1241 imperii
851 1164 989 1222 nuntium
1018 1180 1077 1223 non

61 1270 116 1331 per
138 1251 290 1331 homines,
312 1258 346 1311 ut
370 1250 495 1330 solebat,
518 1250 549 1310 P.
572 1250 606 1310 R.
630 1251 759 1330 accepit,
782 1250 835 1310 sed
858 1269 913 1329 per
936 1252 1027 1330 ipsos,
1051 1251 1078 1310 si

61 1340 187 1400 credere
216 1340 260 1399 fas
289 1346 347 1419 est,
377 1339 456 1398 deos.
504 1341 613 1418 quippe
637 1338 742 1398 eodem
766 1338 813 1397 die
838 1357 896 1416 quo
920 1345 1003 1416 gesta
1026 1357 1076 1398 res
1096 1349 1131 1398 20

62 1435 109 1488 est
136 1429 193 1488 visi
220 1446 274 1506 pro
303 1427 375 1487 aede
403 1427 532 1488 Pollucis
560 1433 590 1486 et
618 1425 750 1487 Castoris
777 1429 900 1486 iuvenes
929 1426 1076 1494 laureatas

61 1518 194 1595 praetori
225 1516 339 1576 litteras
372 1515 456 1596 dare,
488 1515 689 1594 frequensque
716 1517 748 1574 in
776 1513 944 1593 spectaculo
973 1532 1076 1574 rumor

23 1616 47 1656 1⁵
62 1607 203 1664 victoriae
220 1603 393 1664 Cimbricae.
419 1623 460 1660 *a
483 1599 656 1664 ‘feliciterl'
675 1602 758 1663 dixit.
791 1621 849 1681 quo
864 1602 935 1682 quid
950 1602 1076 1663 admira·
1095 1613 1129 1661 11

61 1692 166 1773 bilius,
199 1692 270 1772 quid
303 1693 450 1770 insignius
483 1693 549 1751 fieri
581 1688 701 1770 potest?
747 1693 856 1771 quippe
887 1691 967 1751 velut
1001 1691 1077 1752 elata

61 1780 213 1841 montibus
251 1782 315 1840 suis
347 1779 439 1840 Roma
478 1779 646 1860 spectaculo
683 1778 754 1840 belli
790 1781 963 1860 interesset,
1000 1780 1078 1859 quod

61 1873 93 1929 in
130 1869 305 1948 gladiatorio
342 1887 466 1929 munere
502 1870 569 1929 fieri
603 1868 693 1949 solet,
730 1886 791 1929 uno
824 1867 988 1947 eodemque
1016 1886 1078 1928 mo-

62 1965 177 2038 mento,
210 1975 278 2017 cum
311 1959 343 2016 in
375 1958 439 2017 acie
467 1956 581 2018 Cimbri
614 1957 856 2038 succumberent,
887 1956 1015 2036 populus
1047 1959 1078 2016 in

24 2059 50 2099 2⁰
65 2046 142 2107 urbe
165 2045 331 2125 plaudebat.

138 2273 152 2320 1
176 2283 240 2320 cum
267 2266 355 2321 missa
381 2270 455 2336 (cum
482 2284 511 2319 m
538 2274 686 2322 correction
712 2283 747 2320 eac
773 2269 879 2336 pugna)
902 2266 930 2319 Β
958 2264 1080 2320 comissa

64 2342 124 2408 (um
141 2354 229 2407 supro
243 2340 270 2407 ο)
284 2337 311 2390 L
327 2340 331 2406 1
347 2337 519 2407 legationem
532 2338 559 2391 L
572 2340 582 2406 11
596 2343 612 2390 t
626 2337 826 2407 impetrassent
839 2336 899 2391 BL
915 2343 919 2403 1
934 2335 1015 2390 nefas
1030 2337 1056 2390 L
1070 2338 1080 2407 11

65 2415 82 2463 3
102 2407 207 2463 mutuis
230 2411 255 2477 (s
277 2410 396 2464 inseruit
418 2428 452 2464 m.
471 2411 499 2478 1)
517 2409 545 2462 Β
567 2410 577 2478 11
599 2414 617 2461 4
636 2425 654 2462 a
676 2424 755 2462 craso
775 2413 839 2462 onte
857 2422 872 2459 c
890 2407 918 2460 Β
943 2409 948 2475 1
973 2407 1010 2460 ab
1029 2424 1079 2463 orn.

63 2480 93 2534 Β
116 2482 126 2548 11
149 2480 379 2560 &pependerunt
401 2481 493 2550 (prior
515 2498 534 2549 p
557 2485 678 2534 correcta
699 2495 733 2533 etc
755 2480 784 2547 q)
807 2478 835 2531 Β
860 2478 864 2545 1
888 2476 997 2532 Boleris
1020 2478 1081 2533 BL

64 2551 103 2604 bo
122 2549 205 2604 oleris
225 2552 358 2619 (priorem
381 2552 634 2619 cexpwncitm.1
653 2556 678 2604 et
696 2551 727 2619 2)
745 2549 780 2603 N
796 2550 800 2616 1
820 2546 912 2629 prima
930 2565 979 2603 om.
998 2549 1081 2618 0116

65 2620 207 2676 occiditur
224 2622 253 2674 Β
271 2623 281 2690 11
299 2626 316 2674 8
334 2621 445 2676 noricus
464 2623 492 2675 Β
509 2623 513 2690 1
529 2619 667 2674 insiderat
681 2621 708 2674 L
723 2623 728 2688 1
744 2619 835 2689 elopsr
852 2620 880 2673 Β
900 2619 998 2689 elapsa
1015 2620 1081 2674 Iab-

64 2693 132 2746 m'os
148 2693 152 2760 1
168 2690 253 2761 fugae
272 2693 298 2760 (e
317 2693 448 2761 erosalB
466 2694 475 2762 11
494 2697 509 2744 9
529 2693 558 2745 et
574 2691 693 2760 ΟοΒ11
709 2689 1081 2761 10assertiqueLll12fas

66 2763 111 2846 est
135 2761 273 2817 sicrcdere
291 2762 319 2815 Β
338 2762 382 2817 fas
401 2763 446 2843 ⁰9¹?
463 2761 503 2816 sic
522 2761 636 2816 credere
654 2763 688 2817 L.
705 2761 863 2832 Speopeliuc
882 2761 907 2815 ai
925 2764 975 2818 del.
991 2762 1050 2843 dau
1070 2788 1082 2857 -Ι

61 2832 452 2986 {bufigtblrllaerBcbrlebtbnjb
465 2831 1013 2974 blaffleulbdbrbogslltbrgscybrbbbffi
1018 2832 1082 2970 posb

68 2974 227 3029 Cimbncce
255 2975 384 3031 famatam
411 2978 509 3029 maluit
534 2976 667 3042 Ialmios,
698 2991 759 3030 voce
788 2973 966 3028 subclcmcns
993 2973 1083 3041 capiet

67 3045 214 3113 Halmius,
235 3047 282 3102 sed
296 3047 383 3116 plura
401 3046 488 3100 deesse
502 3051 581 3113 patet
605 3047 609 3113 1
633 3051 697 3100 mtto
715 3044 836 3099 feliciter
853 3046 934 3099 cerba
953 3041 1028 3111 quod
1047 3072 1082 3083 -

69 3116 142 3169 solet
156 3117 239 3185 ponit
256 3118 374 3172 Iabofos
392 3118 401 3185 11
421 3122 453 3169 16
472 3117 583 3185 pctcest
600 3117 628 3170 B
646 3117 655 3186 11
677 3122 708 3170 19
727 3115 840 3170 cimbris
860 3116 893 3169 N
908 3112 1016 3185 cymbri
1032 3112 1059 3167 L
1075 3112 1079 3183 1

69 3186 284 3240 succumberent
302 3189 394 3257 (prior
412 3203 428 3241 c
445 3203 532 3256 supro
549 3190 665 3256 versum)
684 3188 712 3240 Β
