2334 3922
99 199 143 264 54
463 201 573 253 ruoar
591 201 750 253 narraui

99 369 194 426 aciem
219 373 339 426 secutus
363 368 468 444 ingens
491 373 588 425 terrae
612 373 737 446 trem0r3
768 368 827 425 nisi
850 365 934 426 illum
956 366 1114 425 horrorem

99 454 156 514 soli
185 457 317 533 equitum
345 457 536 533 virorumque
565 454 718 514 discursus
748 462 777 514 et
802 462 881 515 mota
906 454 1113 515 vehementius

99 562 180 603 arma
203 543 346 603 fecerunt.

45 644 78 693 15
166 632 310 702 Quartum
334 631 364 691 id
388 638 433 691 est
453 649 547 710 paene
566 631 705 692 ultimum
723 628 828 692 v'clnus
847 633 968 711 imperii
987 631 1114 711 Cannae,

97 719 237 799 ignobilis
257 719 379 799 Apuliae
403 721 500 800 vicus3
525 720 577 780 sed
601 719 804 799 magnitudine
827 718 920 780 cladis
942 723 1066 780 emersit
1085 728 1115 780 et
1142 743 1154 783 5

97 811 250 889 sexaginta
278 808 394 869 milium
422 808 512 869 caede
541 816 624 887 parta
647 807 795 868 nobilitas.
841 808 884 868 ibi
908 811 938 868 in
963 809 1114 869 excidium

97 897 225 958 infelicis
249 899 399 958 exercitus
424 897 484 957 dux
507 904 597 977 terra,
621 896 734 958 caelum
758 896 832 977 dies,
855 903 916 957 tata
940 916 1043 958 rerum
1062 915 1114 957 na·

44 997 77 1046 16
96 993 163 1045 tura
187 987 347 1046 consensit.
386 987 412 1045 si
435 985 556 1065 quidem
580 1002 640 1046 nan
664 992 821 1045 contentus
845 984 992 1046 simulatis
1016 994 1114 1046 trans-

97 1074 175 1152 fugis
208 1073 367 1154 Hannibal,
402 1077 454 1153 qui
485 1092 554 1134 mcx
587 1081 670 1153 terga
701 1076 897 1153 pugnantium
930 1074 1114 1154 ceciderunt,

96 1165 222 1242 insuper
245 1162 368 1223 callidus
394 1164 556 1241 imperator
578 1165 610 1222 in
629 1162 800 1242 patentibus
815 1164 931 1241 campis
955 1161 1113 1223 observato
1129 1187 1154 1225 10

96 1251 155 1311 loci
179 1253 309 1331 ingenia,
333 1251 411 1330 quod
435 1258 465 1312 et
489 1250 532 1310 sol
556 1250 599 1311 ibi
617 1253 781 1312 acerrimus
800 1258 830 1310 et
848 1251 996 1330 plurimus
1014 1251 1114 1330 pulvis

97 1348 127 1400 et
152 1358 242 1400 eurus
267 1339 303 1401 ab
328 1342 442 1401 oriente
467 1358 586 1418 semper
609 1342 694 1418 quasi
717 1339 754 1399 ad
778 1342 973 1400 constitutum
997 1343 1038 1400 ita
1068 1343 1114 1400 in·

97 1431 206 1489 struxit
234 1431 343 1508 aciem,
370 1435 405 1488 ut
426 1428 566 1488 Romanis
593 1428 734 1488 adversus
758 1428 953 1488 haecomnia
977 1427 1113 1490 abversis

96 1517 259 1578 secundum
297 1516 411 1578 caelum
448 1524 553 1578 tenens
586 1524 674 1577 vento
706 1515 827 1595 pulvere
862 1516 924 1576 sale
957 1524 1113 1595 pugnaret.

44 1618 77 1668 1'1
97 1606 196 1684 itaque
220 1606 278 1666 dna
303 1607 424 1665 maximi
447 1607 597 1666 exercitus
621 1607 701 1666 caesi
724 1605 760 1664 ad
784 1605 914 1665 bestium
934 1606 1112 1686 satietatem,
1129 1627 1153 1665 ιε

96 1694 190 1755 donec
213 1693 360 1754 Hannibal
388 1693 501 1754 diceret
529 1693 617 1754 militi
645 1711 699 1754 suo
724 1688 733 1718 ³
740 1712 829 1771 parce
853 1688 954 1754 ferro'.
1001 1693 1112 1754 ducum

95 1782 170 1861 fugit
193 1783 280 1863 alter,
304 1782 378 1842 alter
401 1784 519 1843 occisus
542 1790 601 1864 est3
625 1781 747 1843 dubium
771 1789 839 1843 uter
861 1783 973 1842 maiore
996 1785 1112 1843 animo:

43 1883 76 1932 18
95 1870 218 1931 Paulum
245 1870 365 1950 puduit,
392 1870 484 1931 Varro
509 1889 570 1931 nan
594 1870 769 1950 desperavit.
817 1870 994 1931 documenta
1019 1871 1112 1931 cladis

95 1967 237 2021 cruentus
266 1952 447 2038 aliquamdiu
474 1959 609 2039 Aufidus,
637 1977 712 2038 pons
741 1958 777 2018 de
806 1958 999 2020 cadaveribus
1025 1962 1112 2021 iussu

95 2048 179 2109 ducis
214 2050 308 2110 lactus
340 2050 372 2108 in
404 2055 536 2108 torrente
568 2047 709 2127 Vergelli,
746 2047 826 2107 modi
859 2048 917 2108 dua
950 2047 1110 2109 anulorum
1125 2069 1150 2108 aa

94 2136 303 2216 Carthaginem
330 2138 417 2196 missi
444 2136 633 2215 dignitasque
661 2137 810 2214 equestris
838 2142 935 2195 taxata
959 2154 1111 2198 mensura.

165 2291 187 2345 I
203 2297 215 2344 1
237 2292 404 2359 aequaturus
423 2290 451 2344 Β
472 2292 476 2360 Ι
497 2289 596 2359 ingens
620 2305 670 2344 orn.
686 2291 707 2342 I
718 2290 722 2357 Ι
739 2272 863 2343 brrorem
886 2290 1013 2359 (spiratus
1031 2308 1066 2345 ne.
1085 2294 1112 2360 1)

94 2362 122 2415 Β
135 2364 174 2430 112
194 2377 328 2429 equorum
343 2363 372 2417 0.
389 2363 527 2417 Melaenae
541 2361 636 2415 annal.
647 2361 744 2429 philol.
760 2360 864 2414 CXXI
872 2364 971 2428 (1880)
988 2377 1019 2430 p.
1034 2365 1092 2417 216
1108 2364 1111 2433 )

94 2430 288 2485 uehementius
308 2433 337 2502 (b
354 2449 440 2501 supra
458 2448 564 2488 aeratam
582 2449 616 2486 an.
631 2435 659 2500 1)
678 2431 707 2484 Β
720 2433 760 2499 l4
778 2429 882 2484 uulnus
896 2430 957 2485 AL
972 2433 977 2500 Ι
994 2447 1113 2487 camnae

94 2502 123 2554 B
136 2503 176 2570 l5
195 2501 232 2554 ad
250 2502 476 2573 magnitudinem
493 2505 550 2559 ced.
571 2502 655 2556 Heia.
673 2501 806 2557 Iordanis
822 2504 826 2570 i
843 2500 932 2556 cladis
952 2501 973 2571 (i
991 2511 1113 2559 correcta

95 2588 215 2626 exem.
235 2575 261 2642 1)
280 2574 335 2643 Β)
354 2580 369 2626 6
388 2566 671 2644 XL.O{facta.Nl
691 2571 809 2626 exitium
829 2571 877 2642 0)
896 2578 910 2625 7
930 2588 984 2627 re*
1001 2590 1065 2627 rum
1083 2577 1112 2645 (g

94 2643 203 2698 videtur
220 2659 300 2697 erasa
318 2647 380 2712 csse)
395 2644 428 2698 N
437 2647 447 2714 l
462 2651 477 2698 8
497 2644 694 2699 contententus
713 2645 862 2713 (posterius
877 2644 926 2697 ten
940 2643 1068 2713 deletam)
1082 2646 1115 2699 N

95 2714 272 2782 contemptus
291 2714 318 2767 L
338 2718 343 2782 l
362 2714 517 2784 transfugis
537 2717 685 2783 (posterior
703 2731 715 2767 s
734 2731 768 2768 m.
788 2718 804 2768 1
824 2721 944 2770 correcta
962 2731 997 2769 ecc
1015 2717 1038 2784 t)
1057 2717 1086 2769 B
1102 2716 1113 2788 ,1)

96 2789 112 2838 9
131 2783 248 2837 annibal
266 2784 314 2866 A]
331 2784 492 2839 ceciderant
509 2786 569 2840 AL
588 2784 729 2839 ceciderat
746 2785 788 2840 N:
808 2801 877 2840 corr.
896 2802 937 2856 ap.
952 2787 963 2853 fl
977 2789 1012 2838 10
1031 2784 1111 2840 calli-

95 2853 228 2910 dissimus
250 2855 289 2925 0)
305 2874 335 2909 in
353 2872 563 2925 supranotatum
581 2856 609 2908 B
625 2857 630 2925 Ι
645 2854 807 2910 obseruatio
826 2856 852 2909 L
875 2859 884 2926 l
905 2861 938 2909 11
958 2855 1112 2911 acerrimus

96 2929 141 2997 (ac
159 2934 308 2983 conectam
327 2945 360 2982 ex
379 2943 428 2981 acc
446 2944 480 2983 m.
495 2928 523 2995 1)
538 2927 566 2980 B
584 2929 593 2993 l
612 2931 645 2979 12
660 2942 743 2980 eurus
761 2928 819 2994 (ius
832 2928 864 2982 ia
877 2942 979 2982 rasura
1032 2929 1113 2999 inqua

95 2999 250 3054 litterarum
272 3017 306 3053 m.
326 3003 352 3067 1)
377 3015 458 3053 eurus
481 2998 552 3051 flans
577 2997 709 3053 Halmius
733 2997 738 3069 1
761 3013 795 3050 ex
819 2996 975 3051 constituto
1045 3002 1055 3069 fl
1080 3005 1112 3054 13

96 3069 207 3125 omnia.
219 3069 353 3124 aduersis.
376 3070 400 3124 0
418 3073 428 3139 Ι)
451 3074 485 3124 11
504 3068 587 3138 quasi
605 3075 668 3124 ante
687 3066 840 3122 secundum
858 3069 922 3124 add.
944 3068 985 3136 01
1002 3071 1032 3122 et
1050 3078 1113 3126 ante

96 3140 155 3195 sole
174 3142 239 3196 add.
258 3141 286 3194 A
299 3143 309 3210 l
324 3146 356 3194 15
376 3139 516 3195 maximae
534 3140 556 3194 I
564 3143 574 3210 l
589 3145 622 3193 la
640 3137 778 3193 hannibal
796 3139 825 3208 (h
843 3156 931 3208 supra
948 3144 1067 3211 narsum)
1085 3142 1113 3195 B

96 3211 214 3266 annibal
232 3212 254 3266 I
272 3215 282 3282 Ι)
305 3217 338 3266 17
357 3211 457 3281 effugit
478 3212 502 3266 (J
520 3213 530 3282 l
554 3216 587 3265 18
606 3209 797 3281 disparavitI
815 3218 818 3273 1
840 3209 930 3264 cladis
949 3213 975 3279 (a
993 3219 1115 3267 carrecta

95 3301 130 3338 m.
149 3289 170 3339 2
189 3300 223 3337 ex
240 3286 269 3352 g)
288 3283 341 3351 Ν)
356 3289 389 3336 19
409 3281 577 3351 aliquandiu
595 3282 654 3335 BL
670 3284 674 3350 )
691 3280 800 3335 aufidus
819 3283 912 3350 (pater
930 3298 949 3334 u
966 3298 1027 3351 cup.
1047 3301 1114 3338 aera.

95 3371 130 3408 m.
146 3356 173 3422 1)
188 3354 216 3406 Β
234 3353 311 3408 haud
325 3354 397 3408 fidus
412 3355 488 3410 codd.
504 3353 588 3408 Heia.
603 3353 665 3407 Par.
680 3352 812 3407 Iordanis
826 3353 876 3405 aut
889 3351 962 3405 fidus
978 3353 1038 3407 Val.
1053 3355 1114 3409 Iar,

96 3425 180 3478 danis
188 3424 198 3494 l!
207 3429 242 3476 ab
252 3424 376 3495 uergello
385 3424 421 3492 A,
431 3430 460 3478 at
469 3442 493 3480 v.
500 3427 636 3492 p.18‚19;
644 3427 732 3490 79,16
742 3423 746 3493 )
758 3422 1002 3492 modiiqmertar
1010 3422 1116 3494 ieupra

95 3510 202 3549 certam
216 3512 251 3548 m.
260 3498 288 3564 2)
299 3496 332 3548 N
342 3494 431 3549 modii
440 3495 500 3549 AL
513 3497 523 3564 Ι)
537 3499 569 3546 21
586 3492 730 3562 cartagine
744 3496 776 3548 ia
789 3492 985 3563 carthaginem
998 3498 1117 3551 mutavit

150 3565 328 3634 cartaginem
344 3567 371 3620 L
388 3564 555 3638 chartagine
570 3566 590 3619 I
602 3567 608 3635 l
622 3563 746 3633 equestri
760 3563 794 3617 N
804 3566 936 3632 equestra
950 3564 977 3618 L
993 3572 997 3635 Ι
1014 3567 1117 3622 taxata
