2334 3922
71 164 138 218 XVI
384 166 585 219 PRAEFATIO
604 167 774 218 EDITORIS

73 333 201 409 laborat,
219 332 281 390 iarn
298 333 368 391 inde
387 332 518 392 efficitur
538 334 617 410 quod
635 354 664 409 p.
683 335 735 410 41,
757 333 796 391 15
817 332 976 392 duodecim
995 335 1088 394 verba

74 424 163 480 annis
184 453 221 461 —
242 423 288 480 dis
306 423 444 490 dncentis,
464 441 541 499 quae
560 422 591 479 in
610 423 638 481 N
657 421 883 500 inierciderunt,
908 441 977 481 cum
995 423 1089 482 libra-

74 511 138 569 rius
162 510 199 569 ab
222 511 318 570 altero
342 514 430 570 erneis
458 513 496 569 ad
519 511 649 570 alterurn
673 510 849 588 aberrasset,
880 530 940 570 non
965 513 1088 572 omittit.

74 603 108 658 at
139 619 199 658 non
232 600 341 659 desunt
368 601 420 676 qui
448 600 524 659 talia
552 618 570 657 a
597 599 729 659 librariis
757 602 812 658 aut
839 598 999 659 abbatibus
1027 601 1089 660 illis

74 688 255 748 doctissimis
286 688 429 747 nimirum
463 692 494 748 et
521 689 703 748 acutissimis
731 708 767 747 ex
795 689 917 766 ingenio
947 691 1091 766 suppleta

74 778 265 836 contendant.
312 776 421 854 quibus
450 777 588 854 quamvis
603 778 729 853 ‘opponi
751 777 847 853 possit
870 777 1014 837 credibile
1037 798 1089 838 ne·

75 885 261 943 quamquam
283 866 380 926 videri
403 867 440 925 ab
463 867 525 925 illis
548 866 699 944 longiores
722 867 847 924 lacunas
867 866 979 925 eisdem
997 868 1089 943 plane

73 955 174 1015 verbis
198 973 276 1032 quae
303 955 335 1013 in
365 954 432 1013 aliis
456 955 608 1014 codicibus
631 955 745 1014 tradita
769 958 840 1014 sunt
863 956 998 1030 expletas
1024 975 1089 1016 esse

73 1047 109 1103 ut
131 1045 163 1101 in
185 1044 268 1119 ipsas
290 1044 360 1102 illas
378 1062 466 1103 voces
485 1045 563 1103 dorni
582 1046 706 1103 iactatas
725 1048 767 1102 est
788 1048 819 1103 et
841 1044 873 1101 in
892 1045 1089 1118 parenthesin

73 1135 145 1192 adeo
173 1133 294 1204 difficile
319 1133 419 1204 fnerat
444 1133 554 1191 Italiae
584 1135 656 1191 dare
686 1137 774 1206 capnt
799 1131 977 1210 inciderent,
1011 1153 1089 1211 quae

72 1222 104 1279 in
134 1222 159 1278 B
187 1222 334 1299 leguntur
366 1224 397 1280 et
425 1241 480 1298 pro
509 1221 618 1298 quibus
647 1221 708 1280 alia
734 1221 833 1280 multa
861 1220 1008 1281 substitui
1035 1243 1089 1299 po-

73 1310 168 1369 tuisse
191 1313 285 1388 patet,
308 1313 409 1369 tamen
432 1329 470 1368 ne
493 1329 554 1369 uno
577 1311 643 1369 loco
668 1310 875 1387 quaestionem
898 1311 1017 1371 solvere
1041 1330 1088 1371 co·

73 1402 164 1458 natus
187 1418 251 1458 esse
275 1418 394 1477 arguar,
418 1399 494 1458 alios
512 1399 567 1458 hos
591 1398 712 1457 addam:

139 1510 168 1565 p.
190 1492 240 1566 21,
261 1491 278 1547 7
302 1491 401 1563 sipnat
421 1490 538 1546 nornine
560 1487 584 1546 L
608 1490 725 1562 sipnata
747 1489 864 1546 nornine
885 1487 914 1546 N
936 1490 1017 1547 male

139 1599 167 1653 p.
189 1579 300 1655 32,13
323 1595 381 1650 pro
411 1579 565 1636 tarentinis
592 1577 617 1634 L
639 1581 800 1652 portarent.
828 1579 861 1635 in
887 1577 933 1636 bis
955 1577 985 1635 N
1008 1579 1089 1636 male

138 1687 168 1742 p.
188 1668 240 1742 34,
260 1668 277 1724 7
300 1668 390 1740 11111Ι
411 1667 485 1724 ncoie
507 1665 531 1724 L
554 1667 633 1724 circa
654 1683 733 1724 rnore
754 1666 784 1724 N
807 1666 884 1724 male

139 1775 168 1831 p.
190 1755 240 1830 35,
261 1757 278 1813 7
303 1756 387 1814 na'deo
410 1773 455 1813 rne
477 1754 613 1828 inanitL
636 1756 713 1813 idern
735 1771 818 1813 11111
840 1756 936 1828 inanit
957 1755 987 1812 N
1009 1756 1089 1813 male

140 1865 168 1919 p.
189 1845 240 1921 54,
262 1847 279 1903 6
304 1845 390 1902 caede
404 1872 410 1886 ·
419 1848 513 1917 parta
530 1845 668 1903 nobilitas
686 1843 711 1902 L
730 1845 816 1902 caede
833 1844 914 1915 faeta
928 1872 935 1886 ·
951 1845 1089 1904 nobilitas

286 1931 315 1991 N
337 1934 417 1991 male

139 2042 167 2096 p.
190 2023 240 2096 76,
261 2023 302 2080 20
327 2023 415 2080 eiidos
439 2039 555 2094 earnpos
577 2020 602 2079 L
626 2022 710 2080 elidis
733 2038 850 2094 campos
872 2021 902 2079 N
924 2021 1004 2080 male

139 2131 168 2186 p.
191 2112 263 2187 118,
284 2113 300 2168 7
325 2128 362 2168 ne
379 2111 510 2184 popnins
530 2111 659 2184 centiam
676 2112 769 2168 nictor
787 2110 811 2166 L
835 2127 917 2168 nenio
937 2128 1088 2184 1111911-

287 2201 360 2258 tinnr
381 2201 474 2258 nietor
496 2199 524 2258 N
548 2200 627 2257 male

139 2309 167 2363 p.
190 2291 262 2366 121,
283 2291 301 2348 8
325 2305 378 2346 sno
400 2290 466 2346 inre
487 2306 549 2346 rern
565 2286 861 2360 1116116111
880 2289 964 2346 esitio
983 2287 1008 2345 L
1030 2307 1089 2346 om.

286 2378 316 2435 N
338 2378 417 2436 male

139 2486 168 2541 p.
191 2468 262 2543 124,
282 2462 303 2524 2
325 2466 402 2524 Eece
425 2466 546 2524 carseoii
560 2465 606 2523 ·L
631 2465 835 2539 eccepbnrseoii
854 2456 887 2544 (b
906 2482 999 2540 supra
1020 2484 1088 2525 ver·

288 2573 355 2612 sum
377 2574 416 2612 m.
437 2545 480 2634 2.)
503 2553 533 2611 N
555 2555 634 2611 male

139 2662 167 2717 p.
189 2643 262 2719 128,
282 2645 300 2701 3
325 2644 459 2716 deinceps
481 2643 597 2700 iderant
619 2642 644 2701 L
673 2643 806 2715 deinceps
827 2643 933 2718 1111111
956 2642 984 2701 N
1008 2643 1089 2701 male

139 2751 168 2806 p.
191 2733 324 2808 142,15
347 2730 405 2790 Sed
432 2734 503 2790 ante
531 2732 571 2790 ad
593 2731 806 2805 Hispanienses
832 2731 924 2789 babet
946 2730 980 2807 L,
1008 2731 1088 2790 male

287 2839 343 2879 om.
367 2820 397 2878 N

140 2928 168 2983 p.
190 2911 263 2987 146,
283 2912 322 2968 21
347 2910 407 2982 fnit
429 2911 499 2967 ante
522 2910 690 2983 rnedinsqnc
708 2929 765 2969 om.
784 2909 817 2987 L,
841 2910 920 2967 male
943 2907 1035 2966 habet
1058 2907 1088 2965 N

139 3018 167 3073 p.
190 3000 261 3074 154,
286 3001 304 3056 2
329 3015 426 3057 onrncs
444 3017 537 3057 11111
554 3000 587 3056 in
599 3001 764 3072 principem
782 2997 807 3056 L
830 3014 1031 3055 ornnesnsnsrn
1054 2999 1087 3055 in

288 3079 331 3167 (3.
351 3105 366 3146 s
389 3107 481 3162 supra
503 3105 621 3147 versum
646 3108 684 3147 m.
705 3082 747 3164 2.)
767 3088 932 3161 principem
955 3086 985 3143 N
1008 3087 1086 3144 male

139 3196 168 3251 p.
191 3178 262 3253 160,
283 3177 301 3235 5
326 3179 461 3248 11111111
489 3178 576 3235 dnees
603 3177 627 3233 L
656 3178 791 3250 anananis
818 3177 921 3234 deinde
949 3175 976 3233 N
1007 3176 1086 3232 male

139 3285 168 3339 p.
190 3267 262 3341 160,
283 3268 300 3324 9
319 3283 382 3338 par
417 3267 561 3338 ntrirnqne
597 3266 752 3324 discrimen
784 3266 808 3322 L
839 3283 901 3338 par
931 3268 1087 3336 ntrnnrqne

287 3355 442 3413 discrimen
464 3354 494 3412 N
516 3355 595 3412 male

140 3461 168 3517 p.
190 3444 321 3520 169,11
357 3443 468 3501 dabant
503 3445 584 3516 abies
615 3443 640 3501 L
677 3443 759 3516 alpes
789 3442 818 3502 N
854 3443 933 3501 male
974 3443 1085 3501 omisso

287 3533 398 3591 dabant
681 3551 683 3557 ·
