2334 3922
126 179 167 244 78
487 185 597 238 mour
613 186 775 238 serious

123 367 226 409 versae
257 368 449 432 consurgere,
481 369 642 430 numquam
671 351 805 412 conferre
833 353 912 411 vires
940 370 1008 412 suas
1036 351 1134 433 libuit,

124 456 220 516 neque
249 447 299 499 aut
326 442 485 519 imperium
514 442 644 520 experiri
671 447 722 501 aut
747 439 914 500 libertatem
942 442 1022 500 tueri
1049 459 1134 501 suam

122 526 250 605 publice.
296 528 427 608 alioquin
459 532 500 590 ita
531 530 662 608 undique
690 531 765 589 mari
792 528 1000 608 Pyrenaeoque
1028 529 1134 591 vallata

87 631 104 678 4
124 622 170 676 est
196 625 229 676 ut
256 619 375 696 ingenio
400 620 475 679 situs
498 636 536 679 ne
560 619 636 678 adiri
659 618 779 697 quidem
801 620 940 696 potuerit.
987 618 1040 678 sed
1064 629 1133 679 ante

123 724 139 765 a
161 705 302 766 Romanis
326 706 447 768 obsessa
470 715 524 789 est,
548 726 635 786 quam
659 725 690 767 se
714 709 778 786 ipsa
797 712 998 788 cognosceret,
1022 714 1052 768 et
1071 707 1133 768 sola
1160 724 1166 762 r

123 796 255 855 omnium
282 798 500 874 provinciarum
528 799 606 857 vires
636 814 704 856 suas
731 802 888 874 postquam
916 797 993 856 victa
1017 804 1064 856 est
1087 799 1133 857 in·

87 882 243 945 otellexit.
280 886 312 944 iu
334 884 389 945 bac
411 904 503 965 prope
532 885 675 946 ducentos
697 903 752 963 per
775 903 867 944 annos
891 884 1064 945 dimicatum
1087 892 1133 945 est

122 990 138 1031 a
160 975 266 1052 primis
285 973 474 1053 Scipionibus
497 977 529 1034 in
551 977 681 1053 primum
700 973 856 1034 Caesarem
874 972 1048 1054 Augustum,
1071 993 1132 1035 non

122 1064 261 1122 continuo
289 1081 344 1123 uec
370 1063 575 1144 cohaerenter,
604 1063 657 1124 scd
683 1069 773 1141 prout
800 1080 905 1122 causae
928 1061 1131 1144 lacessimur,

120 1167 176 1210 nec
209 1169 276 1210 cum
303 1150 443 1231 Hispanis
476 1154 574 1233 initio,
607 1152 660 1212 sed
687 1170 755 1211 cum
781 1150 888 1210 Poenis
920 1153 952 1210 in
979 1151 1129 1230 Hispania.
1145 1169 1166 1206 1o

121 1238 189 1299 inde
214 1243 382 1318 contagium
405 1259 529 1320 serpens
553 1259 698 1320 causaque
721 1239 875 1300 bellorum.

85 1343 100 1390 6
186 1328 285 1390 Prima
316 1348 371 1409 per
397 1329 580 1409 Pyrenaeum
610 1332 712 1409 iugum
740 1331 823 1408 sigua
849 1327 980 1389 Romana
1006 1327 1129 1389 Publius

121 1423 150 1476 et
169 1417 286 1479 Gnaeus
306 1420 460 1498 Scipiones
479 1418 646 1480 intulerunt
662 1417 842 1498 proeliisque
861 1417 1032 1495 ingentibus
1051 1418 1128 1478 Hau·

119 1525 229 1568 nouem
247 1515 277 1568 et
290 1507 503 1568 Hasdrubalem
518 1507 625 1568 lratres
639 1505 811 1568 Hannibalis
826 1506 1012 1587 ceciderunt3
1030 1514 1127 1586 rapta-

120 1615 177 1674 que
210 1604 273 1657 erat
305 1599 418 1675 impetu
445 1596 600 1677 Hispania,
632 1599 691 1657 nisi
722 1595 878 1655 fortissimi
909 1597 967 1655 riri
999 1597 1030 1655 iu
1064 1599 1128 1675 ipsa
1143 1611 1166 1650 15

119 1686 241 1744 victoria
279 1704 331 1746 sua
368 1688 504 1765 oppressi
534 1685 645 1746 Punica
682 1684 784 1745 lraude
819 1682 1011 1764 cecidissent,
1047 1692 1127 1744 terra

83 1775 252 1851 amarique
283 1776 418 1834 victores.
464 1777 554 1853 igitur
583 1777 668 1854 quasi
693 1791 798 1834 novam
826 1775 1031 1852 integramque
1059 1792 1126 1852 pro-

119 1864 245 1922 vinciam
272 1863 351 1923 ultor
378 1865 471 1942 patris
499 1872 528 1924 et
555 1865 653 1942 patrui
677 1863 775 1942 Scipio
803 1861 852 1921 ille
879 1879 947 1920 mox
971 1861 1127 1922 Africanus

118 1953 238 2033 invasit,
270 1955 355 2031 isque
388 1954 486 2012 statim
519 1959 603 2031 capta
631 1952 806 2030 Cartbagine
840 1957 869 2010 et
898 1949 964 2010 aliis
992 1949 1127 2031 urbibus,

117 2058 177 2100 non
200 2047 356 2102 contentus
379 2040 494 2101 Poenos
519 2041 681 2121 expulisse,
704 2039 924 2119 stipendiariam
948 2039 1035 2099 nobis
1058 2058 1126 2119 pro·
1140 2057 1165 2095 ro

117 2131 244 2190 vinciam
266 2131 349 2211 fecit,
373 2148 476 2190 omues
499 2132 573 2190 citra
596 2129 732 2208 ultraque
755 2127 897 2188 Hiberum
922 2127 1050 2189 subiecit
1072 2131 1126 2188 im-

188 2291 203 2337 2
224 2284 290 2339 oriri
309 2287 336 2355 (o
350 2302 409 2354 sap.
424 2301 490 2340 cers.
504 2302 538 2338 m.
554 2285 581 2352 1)
596 2283 645 2352 N(
660 2281 748 2335 tuen's
763 2284 786 2350 (s
801 2283 889 2351 eroso)
902 2281 930 2334 Β
944 2281 953 2350 ΙΙ
968 2286 983 2334 3
998 2279 1126 2350 alioquin

117 2354 156 2423 (in
174 2372 234 2425 sap.
252 2373 318 2411 oers.
337 2374 371 2411 ur.
391 2359 418 2426 1)
437 2356 471 2409 N
483 2358 488 2423 Ι
503 2353 626 2426 undiquq
645 2354 720 2423 (post
738 2370 753 2424 e
774 2359 886 2408 exerente
903 2369 983 2406 uersa
1000 2358 1055 2407 ires
1071 2356 1125 2408 cir-

116 2428 182 2481 citer
200 2428 305 2482 litterae
322 2428 432 2496 deletae)
451 2428 479 2481 Β
495 2427 499 2496 Ι
514 2424 686 2495 pyrineoque
700 2425 727 2478 L
744 2426 754 2494 ΙΙ
773 2429 791 2477 4
804 2422 938 2497 ingelsius
952 2423 980 2476 L
995 2422 1000 2494 Ι
1014 2440 1067 2478 nec
1083 2423 1107 2478 0
1120 2426 1123 2493 Ι

117 2495 208 2548 audiri
227 2499 373 2566 (posterior
391 2515 408 2552 a
426 2500 515 2567 eroso)
533 2498 560 2551 Β
577 2504 581 2565 Ι
598 2497 683 2550 antea
701 2512 718 2549 a
739 2496 788 2565 ΟΙΙ
811 2500 827 2547 ὁ
844 2493 939 2563 reipsa
956 2495 984 2547 Β
1000 2497 1004 2564 Ι
1021 2511 1124 2565 eogno-

116 2568 205 2620 seeret
223 2569 247 2637 (t
264 2570 328 2623 adel.
346 2586 380 2623 ru.
395 2573 426 2639 2)
444 2569 478 2622 N
492 2571 502 2639 ΙΙ
520 2573 535 2621 7
554 2583 641 2637 prope
659 2565 861 2636 perducentes
879 2567 906 2620 L
923 2566 926 2633 Ι
942 2564 1078 2619 ducentos
1098 2569 1124 2635 (o

115 2644 233 2693 correcto
247 2656 280 2693 ere
297 2639 318 2708 i)
336 2640 364 2692 Β
378 2641 386 2707 ΙΙ
401 2646 417 2694 8
435 2639 466 2691 in
482 2640 654 2709 postremum
673 2638 821 2708 Souppius,
839 2643 870 2692 at
886 2654 911 2692 o.
925 2637 1020 2704 1133,
1035 2641 1070 2691 59
1085 2639 1094 2706 ΙΙ
1109 2644 1124 2692 9

115 2707 247 2762 continue
259 2709 282 2764 O
295 2711 299 2778 Ι
314 2726 349 2764 ue
359 2711 386 2764 L
401 2713 406 2780 (
422 2711 584 2765 coherenter
594 2711 739 2781 (posterior
752 2726 767 2762 r
779 2726 813 2764 ea:
826 2726 839 2762 s
853 2713 973 2762 correcta
986 2725 1020 2763 m.
1034 2710 1061 2777 1)
1072 2708 1107 2761 N
1119 2707 1123 2770 Ι

114 2778 297 2834 lacessierunt
320 2780 340 2849 (i
362 2783 483 2838 rodendo
506 2789 625 2837 correcto
647 2798 681 2836 ea
699 2779 723 2848 l,
747 2787 780 2835 at
796 2781 915 2847 uidetur)
933 2778 961 2831 Β
984 2779 993 2847 ΙΙ
1017 2783 1051 2833 10
1069 2778 1121 2845 his

115 2850 215 2920 spania
234 2852 380 2921 (posterior
398 2868 415 2905 a
433 2861 552 2908 conecto
570 2870 604 2907 eac
622 2854 645 2921 s)
664 2852 692 2907 Β
708 2854 712 2922 Ι
728 2849 783 2905 inis
802 2850 902 2920 spania
920 2849 948 2904 Β
970 2850 980 2918 ΙΙ
1004 2854 1036 2902 11
1057 2866 1122 2904 con-

114 2921 224 2993 tagium
247 2923 285 2976 ad
308 2922 392 2977 sen'es
414 2924 441 2976 Β
465 2923 597 2993 contagio
621 2924 650 2977 et
672 2921 757 2976 series
783 2922 815 2978 0:
843 2938 912 2976 corr.
938 2921 1123 2976 Memnocones

115 2993 277 3064 contagium
296 3010 330 3048 ac
349 2992 433 3048 series
452 2995 584 3050 Halmius
607 2997 613 3077 Ι
637 3010 794 3062 causaeque
812 2994 852 3061 Β,
875 3008 942 3046 aura
964 3007 1123 3061 causaeque

113 3067 308 3135 interpolatum
330 3082 363 3120 eae
385 3083 422 3121 os.
443 3064 479 3119 9?
501 3067 510 3135 ΙΙ
533 3071 566 3119 12
585 3081 729 3135 pmcneum
747 3065 774 3118 L
798 3067 803 3134 Ι
831 3067 877 3134 -p-
897 3063 974 3117 etffn·
993 3063 1028 3117 N
1043 3066 1121 3132 ·pet·

113 3139 161 3191 en·
185 3138 212 3190 L
233 3139 243 3207 ((
267 3142 300 3190 13
324 3153 461 3191 annonem
484 3137 512 3190 Β
538 3136 592 3190 hac
614 3152 707 3191 nonen
730 3136 757 3189 L
778 3137 788 3205 Ι
811 3140 845 3188 14
867 3133 1069 3189 hasdrubalem
1094 3136 1122 3204 (d

112 3217 233 3264 correcta
250 3226 284 3263 ere
301 3209 325 3278 t)
343 3209 377 3262 N
392 3225 423 3261 as
443 3207 588 3262 drubalem
607 3208 653 3278 L(
674 3206 789 3261 fratrem
807 3206 841 3261 N
854 3205 1003 3276 (annibali
1021 3207 1049 3259 Β
1063 3209 1073 3275 ΙΙ
1089 3212 1121 3259 15

111 3278 251 3349 ispaniam
270 3281 361 3349 (prior
378 3277 390 3333 i
407 3286 526 3335 correcte
543 3297 577 3334 erc
594 3278 633 3348 in)
648 3277 673 3331 si
691 3279 719 3332 Β
732 3280 741 3347 ΙΙ
756 3283 789 3331 16
809 3293 860 3330 sua
878 3276 999 3332 uictoria
1017 3277 1055 3346 N,
1076 3280 1122 3332 sed

111 3353 281 3420 nonsposuit
298 3369 332 3406 m.
351 3352 391 3420 1ΙΙ
405 3356 438 3406 18
458 3349 598 3404 africanus
618 3349 654 3419 (fr
671 3356 791 3406 correcto
809 3366 843 3404 ea
860 3351 889 3418 p)
904 3350 931 3402 L
943 3350 953 3418 ΙΙ
968 3354 1001 3402 19
1020 3346 1121 3417 hisque

111 3421 139 3476 Β
155 3423 159 3490 Ι
176 3423 260 3491 capta
279 3421 461 3492 acarthagine
479 3422 506 3475 Β
525 3423 536 3503 ΙΙ
552 3427 587 3474 20
605 3419 702 3490 poenis
721 3419 874 3489 expulisset
892 3421 919 3473 Β
933 3421 942 3489 ΙΙ
957 3425 989 3473 21
1010 3435 1120 3474 omnem

114 3491 137 3545 C
158 3497 162 3558 Ι
188 3495 265 3560 eytra
287 3496 405 3562 utraque
428 3494 455 3547 L
479 3495 483 3563 (
508 3493 635 3546 hiberum
658 3490 698 3560 (hi
721 3499 868 3546 correctum
890 3509 924 3546 m.
943 3497 959 3545 1
983 3508 1018 3545 ex
1035 3489 1068 3559 h')
1092 3493 1120 3545 Β

103 3561 244 3630 hyberum
263 3563 312 3638 L(
327 3563 445 3636 imperio
464 3567 491 3636 (o
510 3570 629 3621 correcta
647 3580 680 3618 eac
697 3564 755 3632 um)
773 3562 801 3615 Β
