2334 3922
125 186 168 248 14
221 141 223 144 >
487 186 599 236 FLORI
615 185 777 237 srmone

122 359 155 412 ut
182 351 328 431 voluerat,
355 359 477 431 recepto
506 359 537 411 ct
558 357 614 430 per
635 353 757 411 nuntios
780 349 948 411 consulenti
976 351 1049 429 quid
1072 352 1134 412 fieri

122 439 219 520 vellet,
242 443 403 501 eminentia
426 441 502 500 torte
525 458 706 519 papaverum
726 442 823 518 capita
840 439 954 517 virgula
973 442 1134 522 excutiens,

122 547 189 589 cum
212 548 267 608 per
289 530 346 590 hoc
368 529 592 589 interficiendos
616 547 682 588 esse
705 531 858 608 principes
879 526 968 588 vellet
993 529 1133 609 intellegi,

122 620 207 695 quasi
230 617 370 697 superbia
391 617 502 697 sileret,
525 617 681 696 respondit
698 615 806 677 tamen.
843 617 881 676 de
899 617 1050 678 manubiis
1069 636 1133 696 cap

85 714 218 772 etaiam
241 706 362 767 urbium
385 705 529 786 templum
553 709 656 767 erexit.
703 706 782 784 qnod
805 725 874 766 cum
896 708 1134 787 inauguraretur,
1156 726 1166 767 t

120 794 296 856 cedentibus
330 798 439 856 ceteris
472 795 530 854 diis
558 828 601 836 -
629 797 705 854 mira
737 813 786 855 res
819 794 901 854 dictu
924 827 967 836 -
995 797 1134 855 restitere

84 875 256 948 eluventas
284 891 314 944 et
337 884 504 944 Terminus
550 883 661 962 placuit
688 882 805 943 vatibus
828 885 1014 943 contumacia
1037 885 1132 943 numi-

118 991 201 1053 num,
224 974 252 1032 si
270 973 391 1051 quidem
410 973 495 1033 tirma
514 975 612 1032 omnia
631 980 662 1032 et
679 979 799 1032 aeterna
816 970 1043 1051 pollicebantur.
1081 972 1132 1032 scd

119 1059 193 1120 illud
219 1061 404 1141 torrentius,
430 1061 509 1140 quod
536 1060 728 1121 molientibus
750 1060 862 1121 aedem·
877 1062 910 1119 in
932 1060 1132 1121 fundamentis

118 1149 281 1210 humanum
317 1156 469 1228 repertum
506 1158 553 1210 est
588 1156 684 1230 caput.
734 1167 791 1210 nec
827 1149 999 1210 dubitavere
1034 1151 1132 1210 cuncti
1144 1168 1165 1208 1o

118 1245 284 1298 monstrum
302 1238 538 1317 pulcherrimum
557 1241 677 1318 imperii
695 1239 796 1298 sedem
816 1245 964 1317 caputque
983 1246 1131 1299 terrarum

66 1343 99 1391 10
117 1328 300 1406 promittere.
351 1335 412 1387 tam
445 1327 497 1388 diu
530 1327 700 1407 superbiam
731 1329 811 1406 regis
843 1326 971 1407 populus
997 1325 1032 1386 R.
1064 1345 1131 1406 pcr-

116 1434 223 1495 pessus
256 1425 315 1497 est,
352 1417 446 1476 donec
478 1416 580 1477 aberat
611 1415 716 1497 libido,
752 1416 829 1476 banc
861 1434 897 1475 ex
929 1415 1033 1475 liberis
1066 1418 1130 1476 eius

65 1521 96 1568 11
116 1507 363 1584 inportunitatem
394 1504 522 1565 tolerare
554 1523 615 1565 non
646 1507 751 1584 potuit.
798 1522 926 1582 quorum
958 1521 1027 1565 cum
1058 1504 1131 1565 alter

116 1595 323 1654 ornatissimae
342 1594 470 1654 feminae
486 1593 642 1654 Lucretiae
662 1601 799 1673 stuprum
818 1592 977 1674 intulisset,
994 1600 1129 1653 matrona
1142 1610 1163 1651 ia

55 1670 65 1687 ’
116 1682 246 1741 dedecus
269 1683 349 1743 terro
372 1685 510 1787 expiavit,
533 1685 693 1762 imperium
715 1682 837 1762 regibus
861 1681 1043 1760 abrogatum.

199 1948 233 2008 Η.
270 1945 609 2009 ΑΝΑΚΕΦΑΒΑΕΟΒΙΒ
630 1947 680 2007 DE
704 1947 852 2008 SEPTEM
874 1947 1042 2008 unumve.

79 2090 98 2154 8
184 2090 264 2151 Haec
299 2097 346 2150 est
377 2093 473 2168 prima
506 2096 587 2150 aetas
618 2089 722 2170 populi
752 2089 786 2149 n
814 2096 845 2150 et
877 2092 963 2168 quasi
994 2091 1127 2171 infantia,

113 2197 202 2257 quam
233 2178 338 2239 babuit
370 2178 425 2238 sub
457 2177 578 2256 regibus
611 2186 738 2258 septem,
771 2178 898 2257 quadam
925 2178 1054 2239 fatorum
1083 2181 1126 2239 in·

113 2268 227 2328 dustria
250 2275 312 2328 tam
334 2269 424 2327 variis
447 2269 567 2345 ingenio
586 2275 619 2327 ut
638 2269 684 2327 rei
700 2286 728 2346 p.
747 2269 825 2327 ratio
844 2274 876 2327 et
892 2267 1007 2327 utilitas
1025 2274 1163 2346 postu-'eo

77 2355 199 2419 elebat.
245 2375 314 2417 nam
347 2356 430 2438 011111Ι
444 2355 569 2416 Romulo
602 2352 779 2416 ardentius?
810 2355 862 2415 tali
890 2374 966 2434 opus
994 2355 1063 2436 luit,
1095 2363 1127 2416 ut

182 2562 204 2614 I
219 2568 231 2613 1
252 2563 380 2630 receptos
394 2562 429 2616 N
438 2564 477 2626 12
496 2560 603 2616 circula
616 2562 644 2615 Β
659 2564 664 2631 1
680 2561 804 2615 excussit
821 2563 919 2632 (supra
936 2561 990 2616 seit
1003 2563 1127 2633 positum

109 2632 195 2700 tiens)
214 2631 242 2685 L
260 2636 270 2701 1
291 2638 307 2685 3
326 2631 536 2686 interficiendus
555 2636 587 2686 io
604 2631 812 2686 interficiendos
830 2639 896 2688 mut.
911 2632 946 2686 N
949 2633 959 2664 ¹
974 2635 979 2701 1
994 2631 1126 2705 intellegi

109 2703 197 2757 uellet
211 2702 245 2756 N
259 2701 384 2772 intelligi
402 2702 490 2757 uellet
504 2703 531 2756 L
543 2705 583 2771 14
602 2719 660 2772 qua
677 2703 705 2757 A
725 2720 788 2772 quae
808 2704 841 2760 O:
859 2705 981 2760 warewit
995 2704 1105 2760 Titziue
1120 2704 1124 2764 l

110 2773 244 2828 suberbie
266 2774 300 2827 N
321 2776 325 2843 1
351 2773 392 2827 sic
414 2774 480 2829 AO:
509 2776 629 2830 correxit
655 2774 802 2844 Haeptius
825 2778 916 2857 [post
939 2774 1088 2900 respondit
1109 2775 1130 2828 I

109 2847 173 2900 add.
192 2846 225 2898 ut
244 2845 391 2898 senserant
404 2849 443 2912 15
462 2844 640 2902 insereretur
653 2847 680 2898 L
693 2848 732 2914 16
751 2845 787 2899 de
805 2846 850 2899 his
865 2847 900 2901 N
910 2844 915 2918 1
930 2861 975 2900 res
999 2845 1083 2900 'citur
1100 2849 1123 2916 (s

108 2919 226 2971 inseruit
247 2934 282 2971 m.
305 2917 380 2985 cad.)
403 2914 530 2969 extitisse
546 2947 551 2957 -
566 2932 611 2970 res
634 2915 732 2970 stitere
749 2916 778 2970 Β
800 2933 846 2971 res
869 2915 973 2971 dicitur
995 2916 1125 2972 extitisse

98 2987 238 3059 ¹resistere
257 2988 279 3040 I
297 2990 307 3054 l
330 2993 344 3041 't
365 2986 568 3041 contumatiam
578 2989 614 3043 ,Β
635 2991 645 3056 1
666 2992 682 3040 9
700 2986 768 3040 illut
784 2990 817 3042 io
834 2987 907 3041 illud
924 2994 992 3043 met.
1011 2989 1040 3043 Β
1058 2987 1125 3044 illut

107 3060 163 3128 Nl
184 3057 323 3113 orrentius
342 3059 368 3110 Β
396 3057 565 3112 bon-endum
583 3059 618 3113 N
640 3058 790 3112 oriendum
807 3060 834 3113 L
850 3062 855 3129 1
870 3058 1051 3114 monentibus
1070 3060 1099 3114 B
1118 3059 1122 3131 1

107 3131 207 3184 eedem
225 3131 253 3184 L
275 3129 356 3185 edem
374 3130 396 3182 I
410 3129 505 3184 sedem
523 3129 591 3183 BN
608 3134 618 3196 1
639 3133 673 3181 10
691 3132 779 3198 caput
795 3131 938 3199 repertum
955 3132 1001 3185 est
1018 3131 1040 3183 I
1058 3134 1069 3200 1
1091 3136 1123 3185 11

107 3201 218 3255 Tendiu
237 3201 264 3255 L
280 3199 371 3270 trecis
389 3203 421 3254 in
438 3199 514 3269 regis
532 3206 598 3255 met.
617 3201 652 3255 N
654 3199 664 3230 ¹
678 3202 688 3270 1
703 3205 736 3253 13
755 3201 856 3255 ederat
868 3202 897 3255 Β
910 3203 919 3269 1
934 3206 969 3255 14
986 3201 1123 3272 importu-

105 3272 227 3327 nitatem
245 3272 272 3326 L
294 3271 500 3340 inportunitate
518 3271 607 3341 1116
632 3272 707 3323 tum
728 3272 843 3341 regibus
867 3273 897 3342 (g
913 3289 1002 3343 supra
1017 3290 1124 3329 cerm

106 3360 141 3397 m.
153 3346 183 3412 2)
198 3343 232 3397 N
248 3342 310 3412 regi
329 3343 355 3395 L
371 3344 376 3411 1
392 3344 435 3396 est
449 3348 514 3412 poet
533 3342 702 3413 abrogatum
720 3344 784 3398 odd.
804 3343 832 3396 L
853 3345 863 3411 Ι
887 3350 919 3399 11
938 3357 1123 3399 unumne·

105 3427 209 3467 nnosm
227 3414 255 3466 Β
273 3426 546 3468 axacnnnxnnosis
566 3414 639 3481 ch.
659 3416 781 3483 capitum
800 3415 919 3470 indicem
934 3418 939 3485 1
955 3414 991 3469 de
1009 3430 1030 3470 n
1044 3415 1080 3470 N
1089 3415 1122 3468 de

105 3498 153 3537 vn
175 3484 202 3536 L
225 3487 235 3552 1
258 3490 292 3537 18
312 3488 407 3541 «Me-
424 3486 452 3539 Β
474 3486 485 3552 11
507 3489 540 3537 19
561 3486 755 3555 ·v11·(sttpra
773 3488 865 3554 posito
887 3488 956 3556 tem)
979 3485 1007 3538 L
1031 3487 1035 3554 1
1060 3492 1121 3541 onte

104 3553 230 3620 quadam
250 3557 272 3606 I
289 3557 352 3610 aad.
370 3569 528 3626 perennes
547 3557 580 3608 ut
599 3555 721 3609 diximus
740 3556 1093 3627 001111111110110101
