2334 3922
110 205 152 269 12
472 206 584 257 neom
601 205 762 256 armona

108 373 201 450 ginis,
229 388 354 448 regnum
382 369 460 430 ultro
487 377 593 449 petens
621 370 735 448 accepit
762 367 800 427 ob
828 368 1009 431 industriam
1037 376 1125 448 atque

109 459 297 539 elegantiam3
331 461 440 538 qnippe
473 461 525 536 qui
557 458 700 518 oriundus
729 456 873 518 Corintho
902 456 1049 518 Graecum
1082 461 1126 518 in-

73 550 227 626 ugenium
257 547 367 620 Italicis
396 547 509 607 artibus
538 549 716 607 miscuisset.
761 547 811 606 hic
837 552 867 606 et
890 554 1012 607 senatus
1034 549 1126 607 maie-

110 643 216 696 statem
238 655 364 697 numero
389 635 549 717 ampliavit,
572 643 602 695 et
621 636 764 695 centuriis
783 634 880 695 tribus
900 637 981 695 auxit
1000 638 1127 716 equites,

109 733 254 804 quatenus
282 725 380 785 Attius
408 725 518 785 Nevius
546 742 704 784 numerum
734 726 836 800 augeri
863 722 1054 803 prohibebat,
1082 726 1161 784 vira

73 829 243 876 asummus
257 841 260 847 ·
276 815 408 892 augurio.
427 877 433 889 ,.
462 831 550 892 quem
584 832 637 872 rex
669 815 701 873 in
733 814 970 891 experimentum
1002 816 1126 893 rogavit,

73 904 215 964 caterine
238 909 349 982 posset,
373 867 454 980 quod
476 905 540 980 ipse
564 907 663 961 mente
687 897 887 979 conceperat?
912 900 963 960 ille
987 919 1052 960 rem
1077 920 1126 961 ex-

109 999 213 1070 pertus
242 993 366 1069 augurio
395 1009 483 1070 posse
512 990 674 1069 respondit.
721 986 817 1067 ‘atqui
838 985 907 1049 hoc'
930 991 1030 1068 inquit
1053 986 1125 1067 ‘agi-

109 1087 212 1161 taram,
236 1098 274 1139 an
297 1086 394 1139 cotem
417 1078 497 1138 illam
521 1097 623 1139 secare
647 1078 789 1138 novacula
808 1073 958 1158 possem3'
982 1085 1013 1138 et
1032 1096 1127 1157 augur

74 1182 89 1231 5
109 1163 206 1247 ‘potes
230 1164 313 1246 ergo’
337 1170 444 1248 inquit,
468 1174 497 1228 et
521 1169 623 1228 secuit.
670 1167 739 1227 inde
762 1167 903 1227 Romanis
927 1185 1012 1227 sacer
1034 1186 1127 1247 augu-
1141 1181 1162 1220 ¹⁰

109 1263 200 1317 ratus
251 1275 348 1334 neque
385 1275 457 1336 pace
493 1256 673 1334 Tarquinius
710 1274 799 1334 quam
836 1255 913 1315 bello
950 1259 1125 1336 promptior.

109 1345 267 1406 duodecim
304 1363 431 1423 namque
466 1345 591 1405 Tusciae
628 1344 753 1424 populos
790 1344 998 1423 frequentibus
1034 1348 1126 1405 armis

75 1451 90 1498 6
111 1434 236 1511 subegit.
283 1434 352 1494 inde
376 1434 472 1493 fasces
495 1433 615 1494 trabeae
634 1433 753 1494 curules
777 1433 859 1494 anuli
881 1433 1019 1512 phalerae
1043 1434 1126 1514 palu·

109 1523 248 1583 damenta
271 1530 451 1603 praetextae,
473 1522 543 1582 inde
563 1522 641 1601 quod
663 1541 752 1583 aureo
773 1541 863 1582 curru
882 1528 1021 1600 quattuor
1041 1526 1127 1602 equis

110 1611 319 1691 triumphatur,
341 1618 426 1688 togae
450 1613 546 1689 pictae
570 1613 748 1690 tunicaeque
771 1610 926 1692 palmatae,
949 1613 1050 1671 omnia
1077 1612 1126 1672 de·
1141 1623 1164 1665 1⁵

109 1701 201 1777 nique
224 1700 333 1759 decora
356 1707 385 1759 et
409 1701 551 1779 insignia,
577 1698 685 1778 quibus
709 1701 829 1778 imperii
852 1700 982 1778 dignitas
1006 1702 1126 1761 eminet.

75 1787 94 1850 6
177 1788 298 1848 Servius
330 1788 445 1848 Tullius
483 1788 624 1867 deinceps
657 1787 856 1866 gubernacula
888 1787 972 1849 urbis
1004 1780 1128 1869 invadit,

109 1894 165 1936 nec
184 1875 351 1937 obscuritas
370 1876 500 1937 inhibuit
519 1879 652 1955 quamvis
671 1884 765 1937 matre
781 1895 865 1937 serva
880 1883 1022 1937 creatum.
1059 1896 1128 1938 nam

110 1967 248 2024 eximiam
276 1965 406 2025 indolem
433 1983 509 2025 uxor
532 1965 677 2044 Tarquini
700 1965 845 2044 Tanaquil
868 1965 1032 2026 liberaliter
1056 1967 1128 2028 edu-

110 2061 235 2134 caverat,
254 2061 284 2114 et
303 2053 416 2114 clarum
435 2054 498 2113 lore
517 2056 580 2114 visa
599 2056 678 2114 circa
697 2061 785 2133 caput
803 2054 920 2114 flamma
938 2057 1127 2134 promiserat.
1141 2069 1165 2109 2⁰

74 2155 180 2221 aergo
208 2145 288 2202 inter
311 2143 454 2221 Tarquini
481 2150 608 2202 mortem
636 2143 787 2202 adnitente
815 2145 918 2222 regina
947 2142 1128 2205 substitutus

180 2296 202 2349 I
217 2301 231 2348 1
247 2297 347 2365 potens
357 2296 385 2348 Β
402 2298 405 2364 1
422 2295 514 2364 adque
523 2296 551 2348 Β
565 2298 574 2360 11
588 2301 604 2348 2
619 2293 733 2364 ingenio
743 2278 787 2364 (m'.
797 2296 856 2350 ead.
866 2313 953 2364 supra
967 2312 983 2350 o
996 2299 1092 2364 posuit
1102 2299 1128 2365 1)

109 2368 137 2420 Β
160 2369 169 2435 11
192 2372 209 2418 4
233 2367 342 2435 equites
366 2373 430 2421 unte
453 2365 586 2420 centuriis
610 2367 674 2420 add.
693 2367 811 2437 Piphius
834 2384 900 2421 anu.
920 2385 946 2422 a.
966 2371 1036 2434 138,
1065 2375 1128 2423 ante

110 2438 249 2505 quatenus
261 2438 382 2492 Iahnius
400 2439 429 2491 et
446 2437 477 2491 in
494 2435 627 2491 centuriis
642 2436 733 2490 tribus
749 2437 828 2491 auxit
841 2436 951 2506 equites
966 2438 1111 2508 Sauppius
1120 2440 1128 2509 1

111 2512 126 2559 5
151 2505 290 2571 Quatinus
314 2509 341 2561 L
366 2509 370 2574 1
396 2507 471 2561 atius
494 2510 522 2562 Β
547 2506 636 2562 actius
661 2509 715 2562 LI
735 2507 740 2581 1
763 2508 881 2562 naeuius
902 2509 930 2562 Β
953 2508 1056 2564 nonius
1078 2510 1126 2578 01,

109 2595 133 2632 o.
144 2578 262 2648 Dionys.
272 2577 367 2633 Halia.
377 2579 434 2632 III
444 2584 525 2648 Vosq.
541 2585 566 2634 et
580 2580 612 2633 dc
626 2580 676 2633 air.
691 2579 732 2633 ill.
748 2584 803 2647 6‚7
818 2582 823 2648 1
839 2579 937 2648 augeri
951 2579 1005 2633 LI
1021 2596 1128 2653 augure

109 2649 137 2701 Β
152 2647 264 2716 augerit
279 2647 299 2717 (i
313 2665 362 2703 eae
376 2667 410 2703 ru.
421 2651 451 2718 2)
466 2651 499 2703 N
512 2653 517 2718 1
532 2648 736 2719 prohibebatur
750 2667 876 2703 summus
892 2651 925 2704 N
937 2654 941 2718 1
957 2650 1003 2704 uir
1015 2668 1068 2706 orn.
1078 2653 1105 2706 L
1118 2652 1127 2723 11

112 2723 126 2771 7
145 2718 236 2786 possit
253 2720 274 2772 I
285 2723 289 2786 1
306 2721 438 2788 coeperat
453 2722 473 2773 I
486 2722 495 2788 11
509 2727 525 2775 8
544 2719 632 2788 Atqui
645 2721 673 2774 Β
692 2721 792 2789 atquin
805 2721 840 2774 N
854 2721 893 2775 At
911 2719 961 2789 qui
975 2722 1003 2776 L
1021 2721 1127 2791 adquin

110 2790 147 2858 Ι1
163 2789 217 2843 hoc
236 2789 329 2858 inquit
344 2792 384 2845 bis
397 2793 508 2860 scripsit
521 2792 557 2860 B,
576 2792 623 2845 sed
640 2793 757 2847 secundo
776 2793 832 2847 loco
851 2808 960 2847 eruunt
978 2799 1031 2861 est,
1046 2811 1126 2863 prae-

109 2863 183 2916 terea
200 2862 213 2913 t
230 2863 263 2916 in
276 2863 371 2931 priore
389 2861 482 2929 inquit
499 2864 532 2917 in
550 2862 568 2915 d
586 2868 653 2917 mut.
667 2880 701 2917 na.
716 2864 775 2917 ead.
793 2864 797 2931 1
814 2862 970 2934 agliabam.
990 2866 1058 2935 (am.
1072 2881 1126 2920 eor·

109 2938 212 2987 rectum
234 2950 269 2986 ut.
288 2938 305 2986 1
328 2950 362 2986 eu
385 2935 425 3002 at)
445 2934 478 2987 N
498 2932 645 3002 agitabam
664 2932 691 2985 L
709 2932 852 3002 agituram
869 2936 892 2988 I
910 2935 920 3003 1
939 2939 955 2987 9
975 2951 1013 2989 an
1030 2953 1082 2991 om.
1101 2935 1127 2989 A

108 3021 133 3057 a.
153 3002 296 3073 Sauppius
310 3020 340 3072 p.
360 3008 394 3057 11
404 3021 442 3073 sq.
464 3004 469 3076 1
489 3006 582 3057 cutem
599 3005 622 3057 I
638 3009 641 3069 1
663 3003 753 3058 secari
771 3004 799 3058 A
815 3005 820 3076 1
835 3006 1006 3059 nouaculam
1025 3009 1066 3076 (m
1084 3023 1126 3061 eu-

106 3076 213 3143 punait
229 3092 263 3128 u.
283 3076 310 3143 1)
329 3074 364 3127 N
375 3078 379 3144 1
395 3091 477 3143 posse
496 3076 524 3129 A
540 3075 544 3146 1
561 3075 590 3128 et
611 3091 660 3129 om.
683 3075 726 3141 011
741 3081 774 3129 10
792 3069 889 3145 potest
904 3077 1026 3132 Iahnius
1041 3080 1046 3147 1
1063 3093 1127 3147 ergo

110 3161 160 3199 out.
179 3145 217 3213 ΙΙ
233 3144 333 3214 inquid
351 3148 383 3200 in
401 3145 495 3214 inquit
512 3151 579 3200 mut.
599 3147 626 3200 B
645 3145 745 3213 inquid
763 3148 804 3269 Id
820 3153 852 3200 11
871 3147 1009 3216 promtior
1027 3149 1081 3219 Nl
1095 3152 1127 3201 13

109 3215 200 3269 fasces
220 3218 312 3285 (prior
331 3234 343 3270 s
361 3232 448 3286 supra
465 3233 571 3272 uersum
588 3234 623 3270 m.
642 3218 712 3286 ead.)
727 3217 754 3270 L
769 3219 774 3286 1
803 3217 893 3271 alaerae
908 3218 942 3272 N
955 3217 1066 3274 falacre
1079 3219 1105 3273 L
1118 3218 1127 3289 11

112 3293 144 3339 14
165 3288 313 3355 praetexta
329 3287 369 3355 01
385 3288 459 3341 unde
474 3287 501 3340 L
516 3290 521 3352 1
537 3303 617 3342 curro
636 3288 664 3340 Β
678 3290 687 3355 1
703 3291 735 3340 15
755 3287 876 3357 donique
895 3288 991 3358 (nique
1008 3291 1075 3358 fecit
1092 3307 1125 3344 m.

110 3359 168 3412 ead.
184 3375 217 3412 eu
231 3361 307 3427 cora)
322 3358 424 3412 decora
438 3359 466 3410 L
479 3361 487 3427 11
504 3364 536 3412 16
547 3366 611 3426 post
625 3358 729 3412 eminet
742 3359 770 3412 B
784 3361 863 3415 add:
878 3376 912 3414 aa
925 3362 1039 3430 sumpta
1054 3361 1125 3427 sunt,

109 3429 139 3481 I:
159 3429 272 3496 sumpta
290 3431 364 3497 sunt,
382 3430 514 3483 Iahnius:
534 3430 685 3498 adsumpta
704 3431 769 3483 sunt
787 3433 796 3500 11
815 3435 848 3484 19
867 3430 1005 3499 tarquinii
1024 3432 1053 3487 A
1070 3432 1125 3485 tar-

110 3497 207 3565 quinio
228 3498 251 3552 0
273 3501 277 3568 1
302 3500 439 3553 educarat
459 3499 508 3569 011
529 3506 562 3554 21
587 3499 661 3554 inter
683 3500 820 3569 tarquinii
839 3503 867 3556 A
887 3501 1057 3570 intorquinii
1074 3502 1102 3556 L
1120 3502 1123 3572 1

108 3567 285 3622 adnitentem
305 3572 343 3639 (m
362 3572 412 3625 del.
431 3588 465 3643 ut.
486 3573 556 3641 eud.)
575 3573 603 3626 Β
622 3570 768 3625 annitente
786 3573 840 3626 LI
