2334 3922
447 122 472 191 1,
492 127 518 179 a.
536 126 554 175 4
572 124 688 192 (o-ro).
1029 125 1070 188 17

51 296 150 370 esset,
178 296 225 350 set
252 289 352 349 statim
374 288 482 349 hostile
506 291 687 370 pomerium,
714 290 890 368 mediusque
914 292 994 351 inter
1016 289 1070 350 La·

51 382 133 440 tium
168 386 257 456 atque
290 377 402 438 Tuscos
440 379 524 456 quasi
562 380 592 438 in
630 378 757 457 quodam
789 378 867 438 bivio
901 378 1071 439 conlocatus

54 466 197 527 omuibus
215 468 310 546 portis
329 467 361 525 in
379 466 496 527 hostem
514 468 695 547 incurreret3
718 467 813 527 donec
832 469 916 545 quasi
936 463 1071 545 contagio
1091 480 1107 529 8

54 556 186 635 quodam
209 573 264 634 per
287 553 420 634 singulos
443 557 518 616 itum
542 562 588 616 est
609 562 638 616 et
656 558 800 634 proximis
820 555 986 634 quibusque
1007 575 1072 616 cor-

25 647 153 724 creptis
176 651 269 704 totam
292 642 405 703 ltaliam
428 643 484 704 sub
508 662 540 704 se
563 645 752 722 redegerunt.

106 890 169 951 llll.
202 889 352 950 BELLVM
374 890 571 951 ETRVSCVM
595 857 670 952 CVM
693 891 792 952 REGE
815 891 1022 952 PORSENNA.

126 1031 224 1092 Pulsis
243 1031 318 1092 urbe
337 1031 459 1111 regibus
477 1034 573 1111 prima
591 1051 645 1111 pro
665 1033 800 1094 libertate
820 1053 900 1095 arma
920 1036 1073 1113 corripuit.
1086 1033 1128 1098 10

37 1139 127 1182 «ιιωη
152 1119 304 1181 Porsenna
327 1139 379 1180 rex
402 1120 597 1182 Etruscorum
621 1122 792 1200 ingentibus
811 1125 905 1202 copiis
924 1124 1026 1183 aderat
1045 1131 1074 1184 et

56 1211 238 1288 Tarquinios
275 1227 365 1269 manu
401 1209 570 1270 reducebat.
616 1210 696 1271 huno
728 1217 840 1292 tamen,
878 1215 1012 1290 quamvis
1046 1219 1110 1276 eta

18 1318 44 1356 ιο
58 1300 152 1359 armis
181 1304 211 1358 et
239 1298 315 1358 lame
343 1305 484 1376 urgueret
512 1306 713 1377 occupatoque
740 1299 871 1360 laniculo
894 1303 968 1380 ipsis
992 1299 1076 1360 urbis

58 1385 198 1447 saucibus
231 1386 399 1467 incubaret,
432 1389 588 1467 sustinuit,
620 1387 766 1468 reppulit,
798 1390 958 1448 novissimo
987 1391 1075 1448 etiam

58 1482 141 1536 tanta
172 1475 366 1535 admiratione
395 1475 535 1555 perculit,
563 1482 597 1536 ut
625 1479 762 1555 superior
790 1476 868 1537 ultro
892 1495 960 1537 oum
982 1494 1075 1555 paene

59 1565 147 1624 victis
182 1565 328 1624 amicitiae
360 1563 480 1624 foedera
513 1564 623 1625 feruet.
677 1571 748 1625 tunc
780 1564 830 1624 illa
862 1567 918 1625 tria
951 1564 1111 1629 Romania

59 1654 192 1713 nominis
215 1652 350 1731 prodigia
374 1660 462 1731 atque
486 1652 637 1734 miracula,
659 1652 799 1714 Horatius
822 1652 937 1714 Mucius
957 1653 1077 1734 Cloelia,

20 1760 46 1799 aa
61 1743 113 1820 qui
145 1742 206 1800 uisi
237 1742 270 1799 iu
301 1740 457 1801 annalibus
490 1741 601 1821 forent,
633 1741 722 1802 hodie
752 1741 868 1803 fabulae
896 1744 1077 1803 viderentur.

61 1831 173 1909 quippe
191 1827 331 1890 Horatius
351 1829 455 1889 Cocles
478 1835 636 1908 postquam
659 1830 760 1890 hostes
779 1831 911 1910 undique
931 1835 1076 1892 instantes
1096 1847 1113 1895 4

60 1917 143 1979 solus
173 1935 360 1978 summovere
387 1937 447 1978 uon
477 1924 606 1998 poterat,
638 1925 728 1997 ponte
756 1922 885 1980 rescisso
913 1927 1079 1980 transnatat

59 2007 196 2067 Tiberim
223 2023 278 2066 uec
305 2025 387 2067 arma
415 2007 546 2067 dimittit.
592 2007 707 2068 Mucius
731 2007 870 2068 Scaevola
899 2027 1000 2086 regem
1023 2023 1113 2087 pero

132 2215 155 2268 I
167 2218 181 2266 1
202 2215 276 2267 esset
293 2213 357 2269 odd.
376 2230 418 2284 oq.
436 2216 439 2281 1
456 2228 495 2268 *a
514 2212 569 2282 (de,
587 2219 619 2268 ut
637 2214 753 2281 videtin,
772 2216 856 2269 erasit
874 2231 907 2267 m.
925 2212 1020 2282 1)1sed
1039 2214 1080 2280 (iu

60 2287 189 2356 mareiae
207 2285 272 2339 add.
290 2301 324 2338 m.
340 2285 368 2354 1)
386 2285 415 2339 Β
435 2282 473 2337 sit
489 2282 561 2338 usit
579 2283 628 2337 sed
643 2285 664 2336 Ι
673 2286 712 2354 111
733 2285 825 2353 adque
840 2284 867 2338 A
886 2284 915 2337 et
934 2284 1080 2352 (expunxit

61 2375 96 2412 m.
116 2357 188 2423 eod.)
208 2357 293 2423 atque
312 2355 339 2409 L
354 2359 358 2423 1
375 2356 513 2408 attruscos
532 2356 560 2409 Β
579 2355 703 2408 etruscos
721 2357 743 2409 I
759 2358 763 2424 1
784 2355 1081 2425 indominicatam

61 2446 96 2483 m.
112 2429 140 2496 1)
160 2425 195 2480 N
204 2427 244 2495 113
263 2424 432 2496 contagione
451 2425 576 2494 quadam
592 2425 632 2495 01
649 2427 678 2479 et
697 2442 747 2481 om.
762 2427 790 2480 Β
804 2428 814 2495 11
828 2435 842 2479 5
863 2425 1027 2495 redigerunt
1042 2427 1064 2479 I
1073 2426 1082 2496 11

62 2503 79 2552 6
97 2511 227 2552 annam
246 2513 296 2551 om.
316 2497 344 2550 Β
360 2501 364 2565 1
381 2511 445 2551 ouu
462 2514 513 2552 om.
535 2496 574 2565 Ol
590 2510 749 2551 Pnosnunn
765 2498 798 2550 N
808 2500 817 2567 11
833 2504 848 2552 7
866 2496 1006 2551 Pulsis-
1022 2513 1081 2550 cor·

63 2566 154 2639 ripnit
172 2584 223 2622 oin.
238 2568 260 2620 I
271 2571 275 2636 1
292 2583 326 2620 ex
344 2567 413 2621 urbe
432 2567 512 2638 regni
526 2568 560 2622 N
574 2567 678 2621 exurbe
697 2570 721 2636 (r
738 2585 824 2639 supra
842 2585 949 2624 cereum
962 2586 996 2622 oi.
1011 2569 1082 2638 eod.)

61 2637 237 2779 {ludat
259 2642 434 2782 11111111
450 2637 1082 2779 1111111111θέ111111111

62 2788 126 2837 onte
145 2778 217 2849 ipsis
236 2781 300 2834 odd.
320 2781 371 2860 Ap
386 2784 417 2833 11
439 2780 579 2834 sustenuit
596 2782 683 2849 11112
704 2796 767 2833 cum
785 2797 877 2850 paona
894 2783 992 2850 Β1113
1011 2781 1084 2833 Tum

62 2853 109 2922 Ll
125 2853 245 2906 tunc-
260 2848 381 2904 dimittit
399 2852 446 2919 (oa.
461 2853 508 2920 18)
523 2869 572 2906 oin.
587 2852 625 2932 11
641 2850 694 2904 illa
711 2851 742 2904 in
760 2852 869 2906 romani
888 2856 962 2923 (post
979 2851 989 2903 i
1003 2867 1084 2904 erasa

62 2930 100 2978 cot
118 2926 144 2992 s)
163 2920 287 2975 nominis
301 2921 330 2975 B
347 2921 400 2975 illa
413 2938 531 2975 romana
543 2922 626 2991 prodr
649 2920 676 2976 'a
692 2921 724 2977 0:
744 2940 813 2978 corr.
830 2924 865 2979 F.
882 2923 917 2978 E.
933 2922 1084 2976 Koelilerus

63 2993 106 3048 illi
130 2991 162 3046 ni
181 2991 302 3046 Romani
325 2991 446 3045 nominis
466 2994 585 3048 Iahnius
603 2992 655 3046 ila
673 2992 800 3047 inmania
818 2993 939 3048 Romani
961 2990 1083 3045 nominis

63 3066 199 3120 Halmius
220 3061 273 3116 illa
292 3079 327 3117 en
344 3062 465 3117 Romani
479 3062 606 3117 nominis
625 3064 813 3119 Boeltreusius
830 3064 882 3118 illa
901 3064 931 3116 in
948 3061 1083 3115 Romanis

63 3133 228 3217 nominibus
244 3134 407 3218 ⁸Speopelius
430 3136 439 3203 l
463 3139 497 3187 14
516 3133 654 3214 adquaB
679 3137 683 3203 1
707 3135 861 3216 οτω1ἱιιεΙΒ
886 3139 890 3201 1
915 3131 1083 3233 muotiu²s13¹

63 3203 1083 3356 abactamtriltullttdltiauillandus

64 3351 90 3404 L
112 3351 122 3419 11
148 3353 183 3402 16
201 3348 309 3401 oratms
329 3348 357 3402 B
372 3349 376 3413 1
393 3346 504 3402 cochlea
523 3348 557 3402 N
570 3349 579 3416 11
599 3353 631 3402 17
650 3349 813 3402 transnatat
831 3349 928 3417 (supra
945 3347 1085 3401 tertiaret

63 3420 175 3490 oliqteid
189 3436 306 3486 erasure,
323 3419 438 3485 sonasse
451 3420 569 3500 cirqulu,
588 3436 656 3488 quoe
670 3436 704 3472 ur
722 3419 870 3490 siquidem)
889 3419 923 3473 N
938 3420 947 3487 11
967 3423 1000 3471 18
1019 3434 1085 3472 nam

64 3498 129 3546 onte
149 3488 260 3543 Mucius
279 3491 344 3545 odd.
362 3489 399 3555 Ι1
416 3488 539 3543 Musoms
558 3489 585 3543 L
601 3492 604 3558 1
621 3490 766 3545 seaeuolat
784 3491 811 3542 Β

118 3589 204 3629 riorus
219 3588 254 3630 ad.
268 3587 294 3628 0,
306 3588 462 3628 Rossbach.
859 3585 881 3635 ‘2
