2334 3922
113 177 177 242 168
415 169 419 179 '
473 178 585 229 onear
601 176 762 228 armona
789 162 794 171 ‘

78 358 92 406 7
112 344 148 406 ad
175 344 231 404 hoo
256 342 375 422 ignibus
398 344 483 402 iactis
507 342 543 401 ad
567 340 723 402 arbitrium
746 341 937 420 dissipavere.
984 359 1039 401 nec
1060 340 1115 402 ulla

111 452 144 494 re
177 435 270 511 magis
301 431 454 492 hostilium
487 432 638 510 copiarum
670 431 807 509 apparuit
833 429 1005 508 magnitudo
1034 449 1115 508 quam

111 530 179 602 post
201 523 363 581 victoriam.
401 522 510 599 quippe
534 522 685 579 inmensae
710 518 814 579 classis
837 519 1025 596 naufragium
1043 517 1115 578 bello

112 612 222 672 factum
248 616 310 670 toto
339 611 413 668 mari
441 608 587 688 fluitabat,
615 607 802 686 Arabumque
830 614 860 668 et
884 607 1066 668 Sabaeorum
1092 615 1117 668 et

112 700 192 760 mille
215 700 301 759 Asiae
325 700 457 777 gentium
482 696 575 776 spolia
592 715 725 776 purpura
744 715 875 776 auroque
894 696 980 756 inlita
999 697 1116 757 adsidue
1135 707 1144 748 ⁵

77 798 191 851 8mota
219 789 314 848 ventis
342 789 434 847 maria
462 785 661 846 revomebant.
707 787 803 864 prima
826 785 886 845 dux
909 786 996 865 fugae
1020 788 1117 864 regina

113 896 180 939 cum
205 895 293 937 aurea
316 894 415 955 puppe
438 874 563 953 veloque
586 892 737 954 purpureo
760 876 792 933 in
816 873 906 934 altum
926 874 1017 935 dedit.
1055 893 1116 934 mor

77 974 233 1028 asconius
266 965 425 1045 Antonius3
458 964 510 1023 sed
542 966 653 1023 instare
686 964 819 1042 vestigiis
851 962 968 1024 Caesar.
1023 966 1116 1042 itaque

112 1074 168 1115 neo
199 1061 373 1134 praeparata
406 1055 437 1112 in
465 1051 614 1113 Oceanum
646 1052 715 1131 fuga
747 1070 802 1112 nec
835 1053 948 1112 munita
976 1052 1117 1132 praesidis

60 1148 65 1157 ’
113 1151 238 1221 utraque
276 1143 400 1221 Aegypti
436 1160 563 1222 cornua,
599 1140 806 1201 Paraetonium
843 1148 930 1220 atque
963 1140 1118 1220 Pelusium,
1129 1152 1148 1190 1⁰

112 1233 267 1312 profuere:
289 1249 382 1310 prope
406 1249 495 1291 manu
513 1229 697 1290 tenebantur.
735 1232 819 1309 prior
838 1229 950 1290 sermm
970 1232 1118 1309 occuparit

113 1321 272 1401 AntoniuS,
304 1322 407 1398 regina
439 1320 474 1380 ad
506 1320 598 1399 pedes
626 1318 761 1379 Caesaris
788 1317 942 1397 provoluta
969 1321 1119 1398 temptavit

115 1410 215 1471 oculos
252 1410 344 1470 ducis.
400 1409 510 1469 frustra
547 1407 679 1488 quidem3
716 1425 785 1466 nam
820 1406 1010 1486 pulchritudo
1048 1408 1119 1467 infra

62 1512 94 1561 10
113 1499 286 1579 pudicitiam
313 1499 458 1577 principis
478 1498 549 1557 fuit.
595 1514 650 1556 nec
678 1495 728 1556 illa
756 1496 791 1556 de
818 1498 890 1577 rita,
919 1515 995 1575 quae
1020 1497 1119 1556 offere-

113 1588 209 1667 batur,
234 1587 286 1647 scd
310 1586 346 1647 de
369 1592 453 1664 parte
477 1588 562 1665 regni
585 1584 743 1645 laborabat.
782 1585 860 1664 quod
883 1584 936 1644 ubi
955 1585 1120 1665 desperarit
1131 1593 1152 1634 1⁵

115 1695 132 1736 a
151 1678 286 1755 principe
306 1676 476 1752 servarique
495 1693 526 1733 se
541 1673 691 1753 triumpho
705 1673 787 1754 vidit,
806 1675 1002 1734 incautiorem
1017 1680 1119 1734 nancta

115 1763 278 1825 custodiam
292 1766 324 1822 in
338 1762 522 1823 mausoleum
536 1781 568 1823 se
578 1797 621 1805 —
632 1762 787 1842 sepulchra
796 1780 900 1841 regum
911 1765 954 1823 sic
963 1770 1072 1823 vocant
1081 1796 1118 1805 -

63 1867 94 1914 11
114 1855 235 1932 recepit,
273 1851 316 1912 ibi
339 1854 490 1933 maximos,
514 1859 547 1912 ut
570 1850 691 1932 solebat,
714 1851 816 1912 induta
838 1850 934 1911 cultus
954 1853 985 1912 iu
1005 1852 1120 1912 differto

114 1940 255 2002 odoribus
288 1940 361 2001 solio
395 1942 476 2000 iuxta
504 1959 591 2001 suum
618 1959 650 2000 se
678 1939 841 2000 conlocarit
867 1940 1041 2022 Antonium,
1074 1940 1121 2001 ad-

183 2114 205 2166 I
215 2120 229 2166 1
244 2111 327 2166 iactis
341 2112 479 2182 dissipare
494 2115 553 2182 (om.
564 2111 601 2165 ad
611 2110 768 2181 arbitrium)
774 2110 973 2181 practoripare
983 2113 1122 2167 11101110

112 2184 140 2238 Β
153 2187 192 2254 112
211 2201 256 2238 res
274 2185 301 2238 B
318 2186 328 2254 11
346 2190 362 2237 3
381 2183 509 2237 inmensa
527 2184 561 2237 N
574 2182 711 2236 immensa
729 2184 756 2236 L
771 2184 776 2254 1
790 2181 939 2252 naufragio
958 2181 1030 2236 belli
1048 2182 1122 2238 facto

114 2255 138 2310 O
152 2262 162 2322 11
181 2260 198 2308 4
215 2255 287 2310 mari
305 2255 415 2310 ferebat
435 2255 474 2322 01
489 2252 639 2307 fluitabat·
658 2253 738 2322 (abst
755 2260 820 2309 m.1
840 2256 987 2309 11101011
1005 2256 1124 2309 daurom

113 2327 266 2381 litterarum
285 2334 309 2381 et
327 2329 359 2381 irc
376 2328 508 2398 margine)
523 2326 550 2378 Β
567 2329 571 2392 Ι
588 2324 828 2394 abatarabumqua
847 2324 928 2394 (ebat
941 2327 1060 2395 aarum)
1074 2326 1102 2380 Β
1114 2326 1123 2397 ll

114 2402 130 2449 5
150 2396 269 2451 aliarum
284 2405 347 2466 post
364 2397 441 2451 mille
460 2397 523 2451 odd.
540 2395 564 2450 O
583 2397 586 2464 Ι
612 2394 744 2463 asiaeque
762 2398 826 2464 (que
844 2398 961 2465 eruerem)
980 2397 1009 2449 Β
1030 2397 1034 2468 Ι
1055 2395 1122 2450 Pur-

112 2484 213 2537 puram
231 2468 258 2520 L
278 2475 281 2535 1
303 2484 455 2536 aurumque
473 2466 504 2521 in
521 2465 613 2535 ripam
633 2466 656 2521 0
673 2465 677 2537 Ι
698 2465 811 2538 assidue
830 2468 857 2520 L
876 2469 886 2536 11
904 2475 920 2521 6
939 2467 1123 2522 remanebant

114 2540 145 2591 11
166 2538 349 2592 revomebant
370 2541 486 2594 mutavit
508 2538 542 2591 N
546 2539 555 2568 ¹
573 2537 755 2591 remouebent
772 2538 834 2592 BL
859 2543 863 2605 1
888 2536 979 2608 prima
1003 2537 1053 2591 diu
1071 2539 1097 2592 L
1117 2538 1120 2610 1

113 2607 228 2678 reginae
247 2611 269 2661 I
283 2611 293 2677 11
315 2616 329 2662 7
348 2625 485 2679 purporeo
503 2609 531 2662 A
548 2624 686 2678 purpureo
705 2609 746 2662 Β1
764 2611 773 2678 l
794 2613 810 2661 8
829 2611 940 2662 secutus
960 2611 985 2678 (1
1004 2617 1123 2665 conecto

34 2711 36 2715 ,
114 2697 148 2734 ea
165 2680 213 2747 qu)
232 2680 258 2731 Β
278 2682 411 2747 sequutus
431 2681 457 2733 L
475 2681 484 2748 11
503 2689 518 2732 9
537 2681 639 2748 parata
652 2679 679 2732 L
694 2682 699 2748 1
714 2678 864 2749 praesidiis
883 2682 991 2748 (ultima
1009 2679 1021 2733 i
1038 2698 1124 2750 sopra

113 2766 219 2806 ceream
236 2767 270 2804 m.
285 2752 312 2818 1)
331 2750 365 2804 N
378 2749 508 2819 presidiis
525 2751 552 2803 Β
570 2749 719 2820 praesidiis
733 2751 789 2804 LI
797 2751 806 2819 11
821 2756 854 2803 10
874 2749 964 2823 egipti
978 2752 1005 2804 L
1022 2759 1026 2819 1
1041 2768 1122 2821 para

113 2820 242 2875 thunium
263 2820 351 2891 01111
372 2837 487 2874 manum
504 2822 538 2875 N
550 2822 554 2893 Ι
569 2819 691 2891 primum
703 2823 725 2875 I
737 2823 741 2891 1
757 2821 975 2892 praeoccupauit
989 2824 1124 2877 ‘Iordanis

114 2894 172 2948 cod.
187 2892 274 2947 Lawr.
289 2893 298 2962 11
320 2898 353 2944 13
373 2891 483 2946 occulos
502 2893 529 2945 L
549 2895 553 2962 1
573 2892 687 2960 quidem
705 2910 754 2947 om.
773 2892 812 2947 01
828 2892 1008 2962 pulchritudo
1028 2893 1049 2963 (i
1067 2911 1123 2949 cor-

113 2971 188 3020 recto
209 2982 243 3018 eac
266 2967 293 3034 a)
312 2964 340 3017 Β
361 2962 540 3032 pulchritudo
564 2965 605 3032 (tu
628 2981 713 3033 supro
735 2981 840 3019 versura
861 2982 894 3019 m.
910 2966 936 3034 1)
951 2964 985 3017 N
1006 2969 1010 3033 1
1036 2963 1123 3018 intra:

113 3052 182 3090 corr.
197 3053 238 3107 op.
254 3037 288 3101 cf.
299 3054 329 3104 p.
345 3040 420 3102 11‚4
442 3036 452 3104 11
476 3042 508 3087 14
531 3034 750 3102 pulcritudinem
772 3033 907 3104 principis
926 3036 953 3089 Β
978 3035 983 3107 l
1008 3035 1125 3105 uitaque

114 3107 142 3160 Β
158 3111 162 3176 1
178 3107 359 3161 auferebatur
372 3107 394 3160 I
407 3107 416 3174 11
435 3110 469 3158 16
489 3104 632 3176 aprincipe
647 3104 814 3175 desperauit.
830 3106 857 3158 L
872 3109 876 3176 1
894 3108 936 3160 set
951 3108 975 3175 (t
988 3109 1126 3176 eaprmcit

114 3195 148 3232 m.
162 3181 191 3248 2)
206 3179 240 3231 N
256 3180 259 3247 1
280 3177 348 3247 quid
368 3179 396 3232 et
414 3177 442 3231 Β
461 3174 594 3245 cognouit
607 3178 629 3231 I
644 3176 648 3249 Ι
668 3179 802 3231 nactaous
820 3176 930 3231 todiam
945 3180 971 3247 (o
985 3196 1021 3234 m.
1036 3185 1051 3232 1
1067 3196 1125 3234 cor·

93 3245 188 3304 'recta
207 3267 240 3303 ex
259 3252 285 3319 1)
300 3251 328 3304 Β
345 3249 431 3302 nacta
450 3245 608 3301 custodiam
621 3248 648 3301 L
661 3250 670 3317 11
685 3253 718 3302 11
737 3247 893 3303 masoleum
912 3250 940 3318 (u
954 3250 1028 3304 iuter
1042 3266 1059 3303 a
1073 3256 1125 3304 ets

115 3336 174 3388 sap.
193 3337 259 3376 cers,
273 3338 307 3375 m.
323 3323 350 3390 1)
368 3320 396 3374 Β
414 3317 590 3374 mausuleum
607 3320 629 3372 I
645 3321 649 3388 1
670 3336 699 3373 se
718 3335 767 3374 cm.
783 3319 809 3372 L
830 3322 834 3389 1
855 3335 884 3374 se
902 3336 1001 3390 regum
1018 3319 1127 3390 recepit

115 3410 227 3489 reliquis
245 3411 350 3463 omissis
368 3411 390 3462 I
407 3412 411 3478 1
433 3424 493 3463 sese
511 3390 611 3478 pulcra
629 3408 657 3461 Β
677 3411 681 3474 1
701 3425 796 3479 regem
814 3409 842 3463 Β
861 3411 866 3478 1
888 3408 928 3462 sic
946 3425 995 3464 om.
1016 3411 1044 3464 Β
1064 3412 1074 3480 11
1094 3415 1127 3465 18

115 3479 217 3548 recipit
238 3479 296 3534 Bc
318 3483 321 3550 Ι
346 3479 482 3548 ibique]
503 3483 507 3550 1
532 3480 634 3534 referto
653 3481 680 3534 A
702 3482 711 3550 ΙΙ
736 3486 769 3534 19
793 3479 925 3534 odoribus
944 3481 1128 3549 (posteriorc

116 3567 150 3604 ro.
169 3558 184 3604 1
205 3557 324 3605 correcto
341 3568 375 3605 ec
393 3554 418 3621 e)
437 3552 465 3605 Β
485 3554 489 3622 1
510 3549 662 3606 collocauit
682 3551 704 3606 0
