2334 3922
386 185 588 239 PRAEFATIO
606 187 776 240 EDITORIS
1035 185 1087 241 VII

73 344 219 434 posset¹).
265 351 352 412 ouius
375 352 511 412 thesauri
533 353 675 414 notitiam
697 373 766 414 cum
788 374 857 434 nou,
879 355 933 432 qui
955 359 1088 416 estmoe

73 442 217 519 pauperis
245 440 361 519 ingenii
388 441 536 522 virorum,
564 443 640 503 alios
667 444 754 504 anxio
777 444 917 523 celasset,
945 445 997 505 sed
1020 463 1089 504 cum

73 531 112 590 iis
127 549 257 608 quorum
272 549 341 590 eum
355 549 533 608 cognoscere
546 531 706 593 interesset
718 532 813 592 libere
831 534 1088 612 communicasset,

74 621 192 680 factum
212 622 259 679 est
276 623 313 678 nt
330 623 402 696 post
420 620 559 681 Seebodii
578 640 700 698 operam
717 622 868 683 mentione
887 622 938 683 vix
955 622 1088 701 dignam,

73 709 113 769 ad
143 709 232 769 cuius
267 708 429 769 editionem
456 729 536 770 anno
564 708 769 771 MDOOOXXI
796 711 917 788 Lipsiae
949 712 1088 772 emissam

73 798 216 877 egregius
246 798 300 858 illo
332 797 410 858 liber
439 799 548 877 exiguo
580 817 650 859 cum
682 800 786 860 fructu
818 800 972 861 adhibitus
1000 793 1088 882 est2),

73 906 210 948 summus
234 888 281 949 vir
303 890 336 946 et
357 887 542 947 Lachmanni
564 889 731 965 discipulus
754 892 846 970 atque
870 890 993 968 amicus,
1016 887 1088 949 Otto

72 976 199 1037 Iahnius
222 977 300 1036 hanc
324 976 512 1053 provinciam
534 976 592 1036 sibi
619 978 765 1056 deligeret
791 981 822 1038 et
852 981 1011 1055 tantopere
1033 979 1088 1037 im·

72 1069 230 1126 mantum
253 1066 407 1143 exemplar
429 1066 550 1143 Lipsiae
573 1083 652 1127 anno
674 1064 864 1127 MDOOOLII
881 1067 996 1145 publici
1014 1067 1089 1127 iuris

72 1156 190 1216 faceret
212 1159 250 1215 ut
270 1156 431 1234 vulgatum
453 1155 543 1215 illum
563 1154 688 1215 Florum
710 1157 742 1215 in
764 1175 835 1218 vero
857 1156 947 1217 Floro
975 1157 1090 1216 frustra

72 1244 255 1322 requireres.
300 1263 399 1321 neque
423 1244 502 1304 enim
521 1244 619 1305 solum
638 1264 674 1305 ex
693 1246 807 1322 optimo
826 1246 927 1306 codice
944 1246 1090 1322 permulti

74 1334 135 1394 loci
158 1334 214 1411 qni
235 1333 267 1392 in
290 1333 416 1393 alterius
438 1333 620 1394 recensionis
642 1334 728 1394 libris
750 1335 885 1412 corrupti
908 1335 1090 1414 legebantur

76 1423 108 1482 in
132 1423 290 1500 integrum
316 1423 454 1483 restituti
476 1425 561 1501 sunt,
588 1423 836 1500 interpolationes
860 1424 1016 1501 expulsae,
1045 1424 1089 1482 la·

74 1530 172 1572 cunae
206 1511 281 1571 satis
313 1511 417 1590 magni
449 1512 541 1589 spatii
573 1514 725 1590 expletae‚·
755 1531 861 1574 verum
888 1513 981 1572 etiam
1008 1512 1089 1571 haud

73 1619 176 1678 pauca
195 1619 273 1678 quae
291 1619 329 1659 ne
347 1601 379 1659 in
395 1601 449 1660 illo
464 1601 586 1678 quidem
600 1602 726 1661 deerant
737 1602 847 1661 menda
860 1605 915 1661 aut
929 1601 968 1661 ab
981 1600 1089 1661 Iahnio

73 1691 146 1767 ipso
165 1693 221 1750 aut
238 1690 276 1749 ab
296 1689 400 1750 amicis
419 1690 492 1768 eius,
514 1691 630 1769 egregii
647 1690 794 1751 acuminis
810 1691 899 1768 uiris,
922 1688 954 1750 0,
968 1690 1089 1750 Halmio

73 1781 115 1840 hi.
135 1778 273 1857 Hauptio
298 1779 352 1840 Th.
376 1779 558 1840 Mommseno
582 1779 710 1840 sublata

141 1869 186 1928 At
217 1867 298 1946 quod
329 1869 405 1928 haut
436 1886 504 1928 raro
536 1886 596 1928 usu
622 1869 706 1930 venit
731 1869 876 1929 thesauro
903 1871 1024 1946 roperto
1053 1871 1090 1927 ut

70 1976 148 2034 prae
180 1956 306 2016 summis
339 1956 404 2016 eius
438 1957 602 2018 virtutibus
629 1958 768 2019 inventor
795 1958 834 2018 ad
860 1958 938 2019 vitia
968 1957 1089 2035 caliget,

70 2047 155 2107 idem
182 2046 289 2106 Iahnio
322 2065 443 2123 quoque
475 2047 595 2108 accidit.
639 2065 824 2126 quamquam
856 2047 935 2107 enim
963 2046 1089 2106 alterius

72 2135 260 2196 recensionis
290 2135 385 2195 libros
416 2154 509 2195 manu
540 2137 671 2214 scriptos
703 2155 764 2197 non
794 2153 917 2214 prorsus
948 2134 1090 2213 neglexit,

74 2228 177 2285 tamen
208 2224 255 2284 ita
287 2223 448 2285 sordebant
478 2224 506 2284 ei
531 2244 605 2302 prae
632 2224 864 2304 Bamhergensis
891 2223 1027 2284 bonitate
1053 2226 1090 2284 ut

73 2314 150 2374 eatis
173 2314 288 2373 multas
317 2331 422 2373 eorum
445 2314 611 2391 scripturas
634 2313 784 2373 immerito
808 2333 827 2374 a
848 2312 932 2373 Illori
955 2312 1089 2373 oratione

72 2402 257 2465 excluderet.
293 2401 326 2462 id
344 2403 514 2480 quodcum
537 2404 591 2463 alii
613 2406 830 2479 perspexerunt
851 2405 918 2463 tum
940 2400 978 2463 H.
994 2402 1089 2479 Saup-

147 2646 175 2715 1)
195 2642 263 2697 ‘Iuli
275 2642 352 2698 Illori
367 2643 508 2713 epitomae
526 2643 593 2698 libri
612 2645 668 2698 duo
686 2659 741 2700 rec.
758 2646 787 2700 et
801 2645 909 2700 emend.
924 2643 992 2699 Otto
1005 2643 1087 2697 lahn’

70 2734 100 2786 p.
124 2715 173 2770 III.
215 2713 318 2769 iisdem
345 2714 427 2769 annis
455 2714 558 2784 quihus
585 2714 692 2770 Iaeclrii
720 2714 872 2786 descriptio
898 2713 1089 2770 bibliothecae

71 2786 292 2856 Bamhergensis
314 2786 433 2857 prodiit,
457 2786 532 2842 inter
555 2786 634 2842 ouius
657 2786 725 2842 libri
749 2785 981 2842 ‘subscribentes’
1001 2785 1089 2840 Lach-

72 2874 196 2912 mannus
227 2860 407 2927 memoratur,
438 2858 554 2912 Iahnius
586 2858 752 2914 adulescens
783 2857 978 2913 universitatis
1005 2857 1089 2910 Bero-

71 2927 192 2984 linensis
212 2927 321 2983 civibus
341 2928 500 2999 adscriptus
520 2933 581 2986 erat
598 2929 644 2998 (cf.
664 2929 998 2985 amnemamnem
1018 2926 1089 2980 ‘All-

71 2999 205 3071 gemeine
223 2999 358 3055 deutsche
376 2999 558 3072 Biographie’
578 3001 644 3056 XIH
660 3018 688 3071 p,
703 3004 774 3072 669).

146 3073 182 3196 223
195 3069 237 3126 ‘L.
256 3070 368 3126 Annaei
386 3071 463 3126 Flori
481 3072 604 3142 epitome
621 3088 715 3126 rerum
732 3072 922 3127 Romanarum
940 3069 977 3124 ad
1000 3066 1089 3121 libros

70 3159 139 3198 mss.
183 3142 395 3212 amborgensem
413 3140 604 3198 Nazarianum
625 3144 695 3198 duos
711 3142 884 3198 Parisienses
904 3142 973 3195 duos
991 3138 1090 3193 Mona·

72 3229 171 3268 censes
196 3216 249 3269 etc.
268 3229 323 3268 roc.
342 3212 518 3269 Godofredus
537 3215 685 3270 Seehode’.
722 3232 758 3270 ue
780 3232 885 3284 magna
907 3210 1021 3280 quidem
1038 3209 1090 3264 illa

71 3285 190 3354 lacuna,
218 3300 292 3353 quae
314 3285 341 3338 11
364 3290 410 3355 18,
435 3291 450 3338 2
479 3285 509 3340 in
532 3286 662 3341 omnihus
684 3284 766 3341 lihris
788 3286 851 3339 hiat
872 3285 985 3354 praeter
1006 3282 1091 3336 Bam·

71 3357 253 3426 hergensem‚
277 3356 314 3410 ab
338 3371 371 3410 eo
394 3356 506 3426 expleta
529 3361 579 3413 est.
617 3374 683 3412 uam
707 3357 738 3411 in
755 3359 866 3412 textum
883 3352 956 3408 nihil
973 3353 1089 3423 recepit,

73 3426 174 3482 sedin
192 3425 378 3482 adnotatione
401 3430 513 3483 tantum
535 3428 674 3483 indicavit
697 3444 770 3497 quae
793 3427 924 3482 deessent
948 3427 974 3481 ‘e
993 3424 1091 3480 codice

72 3497 244 3581 perantiquo
271 3496 302 3552 in
325 3499 545 3554 commentariis'
569 3499 732 3554 restitutum
757 3497 800 3552 iri.
842 3513 940 3552 verum
961 3497 993 3551 hi
1016 3512 1091 3551 com-

74 3569 208 3625 mentarii
226 3587 372 3638 nunquam
390 3570 482 3625 lucem
499 3570 639 3626 viderunt.
