2334 3922
111 188 175 252 140
474 189 583 241 FLORI
601 187 760 239 EPITOMA

110 356 254 436 consedit,
275 355 345 415 hinc
368 357 400 414 in
418 354 570 433 Aegypton
594 352 691 414 subito
714 353 873 433 transiluit,
895 353 965 413 inde
988 355 1121 432 respexit

111 443 219 525 Asiam,
243 443 358 504 Africae
382 442 526 523 incubuit,
548 451 699 521 postremo
723 445 754 502 in
777 442 950 521 Hispaniam
972 444 1121 521 regyravit

76 547 90 592 1
111 541 142 594 61
168 533 211 593 ibi
239 532 395 610 aliquando
423 533 539 592 delecit.
586 532 638 592 sed
660 550 721 591 non
743 539 774 591 et
797 531 864 591 odia
886 533 1016 610 partium
1039 531 1120 591 finita

111 641 179 682 eum
211 621 297 682 hello.
347 640 406 682 non
440 623 519 681 enim
550 623 635 700 prius
658 623 848 700 quieverunt,
880 638 969 699 quam
997 622 1030 679 in
1057 622 1120 699 ipsa

111 712 185 772 urhe
217 711 316 771 medio
344 718 448 771 senatu
476 728 579 770 eorum
612 712 664 788 qui
691 711 762 770 victi
789 716 873 769 erant
905 709 972 769 odia
1000 711 1151 769 victoris⁵

112 819 179 861 sese
202 801 291 861 caede
316 801 464 860 satiarent.

76 902 93 950 8
179 888 273 950 Causa
300 895 398 949 tantae
427 887 600 949 calamitatis
628 888 730 948 cadem
759 907 834 967 quae
858 889 1006 967 omnium,
1032 888 1121 946 nimia

112 978 246 1038 lelicitas.
293 980 320 1037 si
343 977 463 1056 quidem
487 977 595 1047 Quinto
618 975 735 1036 Metello
758 976 850 1037 Lucio
873 977 994 1037 Afranio
1018 993 1120 1046 consu-

113 1066 191 1127 libus
215 1085 283 1126 cum
302 1065 433 1126 Romana
453 1068 592 1127 maiestas
611 1072 673 1126 toto
693 1064 764 1126 orbe
783 1065 909 1145 polleret
927 1073 1119 1143 recentesque

112 1158 264 1236 victorias,
291 1154 429 1216 Ponticos
457 1161 487 1215 et
508 1156 665 1214 Armenios
691 1155 858 1233 triumphos
881 1157 913 1215 in
935 1154 1119 1232 Pompeianis
1130 1167 1149 1206 1⁰

112 1245 236 1305 theatris
250 1243 343 1303 Roma
362 1251 503 1325 cantaret,
521 1245 613 1303 nimia
626 1243 748 1323 Pompei
766 1245 898 1322 potentia
916 1251 988 1323 aput
1005 1245 1120 1322 otiosos,

78 1341 147 1396 911
176 1332 263 1414 solet,
295 1335 375 1393 cives
402 1336 494 1393 movit
515 1333 664 1393 invidiam.
715 1332 850 1393 Metellus
879 1333 915 1392 oh
944 1334 1120 1392 inminutum

115 1422 219 1483 Cretae
247 1422 444 1502 triumphum,
471 1421 542 1482 Cato
571 1422 713 1482 adversus
740 1428 877 1501 potentes
905 1440 1025 1499 semper
1053 1419 1120 1479 ohli-

115 1530 192 1591 quus
216 1511 380 1571 detrectare
403 1509 578 1589 Pompeium
601 1513 732 1590 actisque
752 1512 817 1571 eius
836 1510 1019 1590 obstrepere.
1056 1510 1120 1569 hinc

115 1600 199 1660 dolor
225 1607 428 1659 transvorsum
456 1602 516 1678 egit
543 1606 574 1659 et
601 1600 637 1659 ad
665 1600 813 1678 praesidia
836 1600 973 1679 dignitati
996 1598 1121 1677 paranda
1131 1609 1150 1651 1

64 1702 97 1751 10
115 1688 231 1767 inpulit.
268 1687 344 1748 forte
367 1695 438 1748 tunc
462 1687 586 1748 Crassus
610 1706 719 1767 genere
742 1689 853 1748 divitiis
877 1689 1019 1767 dignitate
1041 1687 1121 1746 llore-

114 1776 177 1858 hat,
205 1784 239 1837 ut
266 1776 354 1837 vellet
380 1784 480 1837 tamen
504 1779 644 1837 auctioris
668 1795 753 1858 opes3
777 1776 807 1837 C.
827 1776 936 1838 Caesar
958 1776 1122 1855 eloquentia

115 1873 145 1926 et
174 1867 294 1945 spiritu,
322 1883 391 1925 ecee
419 1867 479 1925 iam
507 1876 538 1925 et
560 1865 715 1927 consulatu
738 1865 939 1947 adlevabatur3
967 1865 1121 1945 Pompeius

63 1961 215 2016 litamen
243 1957 321 2014 inter
348 1961 507 2033 utrumque
535 1955 692 2015 eminebat.
734 1957 777 2015 sic
800 1957 891 2033 igitur
915 1954 1041 2015 Caesare
1066 1954 1123 2031 dig·

116 2047 240 2105 nitatem
281 2061 459 2124 conparare,
501 2042 607 2103 Crasso
649 2061 774 2124 augere,
814 2043 953 2124 Pompeio
995 2045 1155 2103 retinerem

116 2131 309 2212 cupientibus
336 2132 532 2211 omnibusque
561 2134 674 2211 pariter
700 2135 849 2211 potentiae
877 2133 994 2212 cupidis
1023 2133 1060 2193 de
1083 2134 1123 2192 in·

64 2236 97 2283 11
116 2222 247 2282 radenda
280 2240 312 2282 re
344 2221 463 2301 publica
494 2221 580 2282 facile
614 2223 759 2282 convenit.
812 2239 882 2300 ergo
915 2240 984 2282 cum
1015 2222 1124 2281 mutuis

116 2311 230 2371 viribus
253 2313 285 2371 in
309 2329 396 2371 suum
419 2313 546 2390 quisque
568 2311 658 2370 decus
677 2312 853 2391 niterentur,
876 2309 999 2371 Galliam
1019 2309 1125 2370 Caesar

117 2400 236 2480 invadit,
259 2399 384 2460 Crassus
405 2400 513 2480 Asiam,
535 2398 694 2478 Pompeius
713 2398 897 2479 Hispaniam:
920 2408 983 2460 tres
1006 2399 1125 2459 maximi

189 2574 203 2622 1
223 2569 288 2623 hinc
308 2587 356 2625 om.
372 2572 400 2624 Β
423 2572 427 2639 1
449 2570 634 2641 inaegyptum
651 2572 679 2624 Β
697 2569 863 2641 inegyptum
880 2570 907 2624 L
929 2574 938 2640 11
962 2576 978 2624 1
996 2569 1128 2640 hispania

117 2640 146 2708 (h
163 2657 250 2709 supra
267 2643 382 2710 6611161)
401 2643 429 2695 Β
444 2644 449 2709 1
464 2641 595 2713 regnauit
612 2642 641 2695 Β
658 2641 796 2711 regirauit
813 2642 840 2695 L
853 2643 893 2711 114
910 2642 980 2696 urbe
998 2642 1064 2711 ipsa
1083 2641 1128 2711 011

118 2716 134 2764 5
153 2710 269 2764 uictoris
288 2729 337 2766 om.
357 2712 384 2765 L
405 2716 415 2782 1
438 2717 454 2764 6
473 2730 503 2767 16
521 2713 549 2767 Β
571 2715 581 2781 1
605 2717 619 2766 7
639 2711 735 2766 Causae
754 2713 778 2768 0
794 2715 798 2782 1
819 2713 973 2782 eademque
992 2712 1127 2768 omnium:
1148 2780 1150 2784 λ

116 2799 184 2838 corr.
199 2800 240 2852 cp.
254 2786 264 2851 11
282 2786 299 2834 8
318 2782 443 2836 africano
462 2785 489 2837 Β
509 2786 514 2855 1
534 2787 637 2848 666111
655 2786 718 2839 cdd.
733 2802 767 2838 m.
781 2788 809 2854 1)
827 2785 856 2838 Β
870 2800 924 2838 cos.
940 2785 973 2839 N
984 2788 1062 2840 coni.
1076 2785 1103 2838 L
1119 2783 1128 2854 1

117 2860 133 2908 9
151 2855 329 2922 retentosque
348 2854 375 2907 L
387 2857 397 2921 11
412 2859 443 2907 11
464 2855 539 2924 apud
553 2854 580 2908 L
593 2859 602 2926 1
617 2861 650 2908 11
669 2854 1127 2927 1116161Β11111111111111110113

116 2927 244 2995 petentes
258 2926 286 2978 Β
302 2928 306 2995 1
323 2924 431 2978 oblicus
451 2927 480 2993 (q
497 2943 583 2996 sopra
597 2942 612 2979 6
625 2944 659 2981 m.
675 2929 701 2997 1)
716 2927 750 2980 Ν
760 2925 891 2995 obliquus
905 2929 997 2996 (prior
1010 2945 1030 2980 u
1044 2943 1128 2996 supra

116 2999 231 3064 6116661)
246 2998 273 3051 L
286 2999 296 3065 11
310 3001 344 3049 14
363 2996 518 3050 detrectare
537 3000 630 3066 (prior
647 3016 661 3051 r
676 3015 762 3068 cupro
776 3015 882 3053 uersum
894 3016 929 3052 m.
944 3000 972 3066 1)
985 2998 1014 3051 Β
1032 3000 1036 3066 1
1051 3014 1128 3068 pom·

116 3067 181 3137 peio
200 3069 236 3135 B,
255 3074 285 3123 at
302 3071 498 3136 o.p.162,16
523 3072 527 3136 1
549 3068 697 3138 hactisque
716 3069 747 3137 (h
765 3071 853 3139 crasa)
870 3070 899 3123 Β
919 3071 923 3137 1
943 3069 990 3122 hic
1008 3070 1038 3123 Β
1056 3069 1128 3122 hunc

118 3140 155 3194 N.
171 3140 306 3194 Heinsius
323 3142 332 3208 11
351 3143 384 3192 15
403 3141 594 3192 transuersum
607 3141 635 3193 Β
653 3143 662 3210 11
682 3145 714 3192 16
733 3139 847 3209 impulit
860 3140 895 3194 N
908 3139 1014 3210 inpulit
1029 3143 1058 3210 (u
1073 3156 1129 3194 cor-

117 3217 191 3265 recta
209 3228 243 3265 ex
261 3213 288 3280 a)
302 3212 329 3265 L
349 3215 353 3276 1
374 3225 475 3281 genere
495 3211 576 3279 (gene
594 3212 676 3266 mitio
694 3228 786 3266 versus
803 3213 835 3265 ia
853 3214 976 3282 margine
994 3211 1129 3278 additum)

118 3282 145 3334 Β
168 3285 178 3350 11
201 3287 234 3335 11
258 3284 291 3335 11
309 3284 426 3337 inscruit
444 3281 627 3336 Mommsenio
647 3283 651 3354 1
673 3282 811 3336 auctiores
831 3283 863 3336 N
879 3282 994 3336 altiores
1013 3283 1042 3336 L
1057 3285 1062 3351 1
1079 3299 1128 3350 ·g·

120 3351 209 3407 odet.
228 3354 361 3408 Halmius
383 3355 393 3422 11
416 3357 449 3406 19
467 3351 589 3422 11161111
607 3369 693 3422 supra
710 3371 816 3409 uersum
833 3372 867 3408 m.
888 3356 916 3424 1)
934 3355 962 3407 Β
981 3370 1066 3424 super
1086 3352 1127 3422 01

118 3424 267 3492 utrumque
296 3426 387 3494 (prior
411 3441 430 3476 1
452 3441 538 3493 supra
559 3441 666 3479 cereum
689 3443 723 3479 1η.
743 3427 770 3495 1)
788 3425 823 3479 N
843 3427 847 3495 1
873 3430 986 3482 caesarei
1011 3425 1129 3507 (virgula

119 3496 249 3562 616661Β
268 3512 362 3549 cesare
382 3497 409 3564 (a
423 3502 590 3551 6661661666
604 3498 630 3564 6)
645 3496 672 3548 L
689 3499 698 3564 11
719 3501 753 3549 10
768 3499 901 3565 soporare
914 3497 943 3550 Β
960 3500 970 3565 1
988 3503 1022 3550 13
1037 3497 1129 3550 1111111-

117 3567 215 3617 rentur
232 3566 259 3618 L
275 3570 286 3635 11
304 3573 339 3621 14
356 3566 493 3621 maximos
514 3566 537 3621 O
