2334 3922
450 184 489 253 11,
509 189 542 237 13
561 184 635 254 (iiii,
655 187 690 255 e).
1011 184 1073 249 151

64 352 195 414 Africam
227 350 385 430 superabat
410 349 558 430 Hispania.
609 352 770 431 plurimum
798 358 940 430 quantum
967 352 1075 413 favoris
1096 364 1130 412 74

64 439 200 520 partibus
228 438 315 500 dabat
342 439 511 500 fraternitas
540 441 649 500 ducum
676 447 706 501 et
732 458 787 519 pro
815 458 874 501 uno
899 441 973 500 duos
997 448 1076 502 stare

63 530 230 608 Pompeios.
263 531 361 607 itaque
381 547 527 607 nusquam
545 532 674 590 atrocius
692 547 748 589 nec
766 536 826 589 tam
846 531 968 608 ancipiti
983 530 1075 590 Marte
1095 542 1129 591 77

65 636 245 679 concursum
282 624 334 677 est.
393 620 523 695 primum
559 621 591 678 in
626 621 692 697 ipso
730 620 806 678 ostio
843 617 954 678 Oceani
982 619 1076 679 Varus

37 708 229 786 oDidiusque
261 706 351 784 legati
384 706 551 768 conflixere.
607 708 660 768 sed
693 709 790 767 acrius
823 707 879 767 luit
911 725 979 767 cum
1010 709 1076 787 ipso

64 798 142 857 mari
180 813 267 875 quam
304 797 382 854 inter
419 814 450 856 se
486 796 609 856 navibus
646 795 769 876 bellum3
806 795 954 874 siquidem
991 798 1077 875 quasi

64 886 199 946 furorem
232 886 358 944 civicum
390 887 546 963 castigaret
578 885 726 965 Oceanus,
763 892 918 964 utramque
951 884 1076 946 classem

63 975 219 1052 naufragio
238 973 353 1033 cecidit.
391 976 511 1052 quinam
529 973 579 1034 ille
598 974 713 1055 horror,
734 993 801 1034 cum
820 974 924 1034 eodem
942 981 1076 1053 tempore
1096 987 1129 1036 76

65 1063 175 1124 fluctus
198 1061 344 1141 procellae
367 1064 424 1123 viri
446 1081 536 1123 naves
559 1071 740 1124 armamenta
764 1061 969 1141 confligerent!
1002 1063 1076 1135 adde

22 1167 49 1208 77
65 1155 142 1213 situs
161 1153 255 1231 ipsius
274 1150 471 1232 formidinem,
488 1153 641 1231 vergentia
659 1154 691 1212 in
710 1170 803 1212 unum
821 1152 890 1212 hinc
909 1152 1077 1234 Hispaniae,

65 1240 136 1301 inde
159 1239 357 1300 Mauretaniae
384 1240 483 1321 litora,
511 1259 592 1301 mare
616 1248 646 1301 et
668 1243 844 1301 intestinum
868 1247 898 1301 et
921 1247 1076 1302 externum

64 1331 304 1407 inminentesque
318 1328 455 1390 Herculis
475 1330 618 1410 speculas,
637 1349 705 1390 oum
725 1332 823 1389 omnia
841 1329 972 1408 undique
989 1329 1077 1390 simul

64 1417 178 1498 proelio
211 1425 242 1477 et
272 1426 446 1496 tempestate
480 1421 633 1479 saevirent.
684 1437 751 1479 mox
783 1421 861 1478 eirca
889 1419 1076 1479 obsidionem
1096 1431 1128 1480 77

64 1507 184 1569 urbium
212 1509 361 1585 utrimque
390 1507 558 1568 discursum
582 1515 640 1588 est,
668 1526 742 1586 quae
765 1509 893 1568 miserae
917 1510 996 1567 inter
1018 1508 1074 1568 hos

26 1609 53 1650 1⁶
65 1604 153 1675 atque
176 1595 243 1655 iilos
267 1596 357 1656 duces
381 1598 530 1657 societatis
552 1596 701 1658 Romanae
724 1615 835 1676 poenas
859 1597 975 1657 dabant.
1013 1615 1075 1656 om-

65 1688 149 1746 nium
176 1691 326 1763 postrema
353 1688 547 1746 certaminum
570 1686 686 1746 Munda.
730 1687 779 1746 hic
809 1704 869 1746 non
896 1705 950 1765 pro
979 1693 1129 1748 celerate

65 1773 218 1854 felicitate,
249 1773 301 1833 sed
333 1793 442 1853 anceps
475 1783 504 1834 et
536 1775 588 1835 diu
615 1777 700 1835 triste
733 1774 894 1855 proelium,
925 1782 959 1836 ut
990 1775 1076 1854 plane

65 1864 217 1923 videretur
246 1865 347 1922 nescio
375 1863 447 1943 quid
474 1863 639 1925 deliberare
666 1863 804 1924 Fortuna.
856 1882 926 1924 sane
955 1872 984 1923 et
1011 1866 1076 1943 ipse
1095 1877 1129 1925 79

66 1959 133 2012 ante
162 1954 256 2012 aciem
282 1955 423 2012 maestior
450 1970 510 2012 non
538 1971 574 2013 ex
597 1971 679 2013 more
703 1952 824 2033 Caesar,
853 1955 914 2012 sive
938 1960 1076 2031 respectu

30 2053 53 2095 77
66 2040 233 2119 fragilitatis
257 2040 415 2122 humanae,
445 2044 506 2101 sive
529 2044 651 2101 nimiam
674 2060 885 2121 prosperorum
909 2048 1076 2119 suspectam

65 2127 179 2191 habens
203 2131 464 2211 continuationem,
485 2129 532 2190 vel
556 2130 659 2191 eadem
681 2133 800 2210 timens,
822 2137 978 2210 postquam
998 2129 1078 2190 idem

67 2237 134 2279 esse
162 2224 301 2296 coeperat
328 2219 406 2298 quod
433 2218 605 2300 Pompeius,
634 2227 664 2279 et
691 2222 722 2279 in
750 2222 815 2298 ipso
842 2216 969 2297 proelio,
997 2217 1075 2296 quod
1095 2231 1130 2280 80

65 2325 153 2368 nemo
177 2325 317 2385 umquam
340 2310 524 2389 meminerat,
547 2327 615 2368 cum
638 2308 690 2368 diu
710 2310 775 2386 pari
792 2306 885 2367 Marte
904 2308 983 2366 acies
1001 2306 1076 2366 nihil

63 2395 191 2475 amplius
224 2415 312 2474 quam
345 2398 527 2477 occiderent,
559 2399 591 2456 in
622 2397 719 2457 medio
748 2396 853 2456 ardore
880 2397 1076 2474 pugnantium

137 2573 151 2620 1
166 2567 317 2651 quqmtum
335 2566 370 2620 N
382 2568 391 2636 (Ι
410 2573 425 2619 2
445 2567 500 2621 duo
520 2568 554 2621 N
563 2568 572 2636 (Ι
591 2574 606 2621 3
625 2569 722 2621 tamen
740 2567 767 2620 L
780 2569 789 2637 ΙΙ
807 2572 825 2619 4
843 2582 1007 2620 conuersum
1023 2568 1050 2621 L
1071 2567 1074 2639 l

63 2637 171 2720 77777
159 2656 191 2692 777
213 2637 305 2706 inipso
328 2639 524 2706 7777777777Β1(
544 2638 637 2692 hostio
656 2637 763 2693 occeani
781 2638 809 2720 Β
833 2640 838 2703 Ι
863 2637 959 2692 uerius
977 2640 1006 2693 Β
1028 2641 1037 2708 (Ι
1060 2645 1076 2693 6

65 2709 141 2778 siqui
160 2709 223 2762 dem
242 2708 321 2761 uelut
340 2709 374 2762 N
388 2708 534 2777 Siquidem
551 2709 638 2763 uelud
652 2710 679 2763 L
692 2711 701 2779 ΙΙ
716 2714 730 2763 7
750 2708 854 2763 ciuium
868 2710 896 2764 Β
916 2709 1028 2764 cuicum
1041 2709 1076 2778 L,

62 2782 99 2848 cf.
111 2798 141 2850 p.
157 2784 221 2847 130,
234 2783 252 2833 3
272 2780 276 2848 l
297 2779 387 2833 classe
405 2780 433 2834 Β
451 2783 460 2850 Ι(
479 2785 494 2833 9
513 2780 644 2834 fluetibus
664 2783 691 2834 Β
709 2780 816 2834 fructus
833 2782 873 2848 01
888 2781 1030 2850 procellae
1049 2783 1076 2850 (

61 2852 945 3007 elettttlttttlllttttldt<titatium
951 2852 982 2990 l,
994 2868 1078 2977 lut

63 2996 190 3050 diiunxit
207 3011 241 3048 777.
256 2995 286 3061 2)
300 2994 334 3047 N
344 2996 353 3061 (Ι
369 2998 401 3046 10
420 2993 552 3064 urgentia
565 2995 592 3047 Β
609 2997 613 3064 Ι
628 2993 716 3048 hinc'
708 2994 867 3064 mispeniee
881 2996 908 3048 Β
922 2997 931 3064 (Ι
946 2999 978 3047 11
993 2992 1077 3046 mori-

62 3064 160 3119 toniae
179 3067 257 3133 (corr.
272 3082 306 3118 m
322 3066 349 3134 1)
367 3064 395 3118 Β
413 3064 595 3119 mauretaniae
614 3065 636 3136 (i
654 3083 713 3134 sup.
729 3083 796 3121 em
811 3069 839 3135 2)
858 3066 892 3119 N
906 3063 996 3118 mauri
997 3063 1075 3137 teniq

63 3136 90 3190 L
107 3138 111 3206 Ι
127 3138 269 3189 7777777777
283 3137 310 3188 Β
324 3138 334 3206 Ι(
348 3142 381 3188 12
395 3135 623 3205 imminentisque
639 3136 682 3206 ΟΙ(
697 3142 729 3190 13
743 3139 774 3191 77
787 3155 836 3192 om.
851 3136 879 3190 Β
895 3141 898 3202 Ι
915 3134 1076 3189 obsidiones

65 3207 157 3275 01115
178 3206 351 3276 societatis(
341 3209 366 3276 (7
385 3225 418 3262 m
435 3214 450 3261 1
469 3215 589 3263 correcta
607 3225 641 3263 ea
659 3209 683 3278 t)
701 3208 734 3261 N
750 3208 899 3261 7777777777
919 3207 945 3259 L
961 3207 965 3274 (
981 3221 1076 3260 romae

63 3278 116 3349 ΒΙ(
131 3282 163 3330 16
202 3279 323 3332 ostremo
342 3278 369 3330 L
385 3281 388 3348 Ι
404 3277 532 3332 numidis
549 3296 636 3420 eoprq
654 3279 760 3332 munda
774 3280 807 3333 N
811 3280 820 3309 ²
833 3280 842 3348 (Ι
861 3281 894 3331 18
914 3276 1034 3330 liberere
1048 3277 1076 3331 Β
1100 3341 1105 3351 ἠ

63 3280 169 3403 liblrere
216 3351 338 3418 77777777(
353 3355 386 3403 19
406 3349 604 3404 caeseris-sue
622 3352 769 3420 (peremtum
788 3356 851 3404 77777
865 3355 953 3402 777777
966 3351 1077 3417 77777777

63 3438 82 3473 u
107 3422 171 3475 aad
190 3439 223 3474 m.
245 3421 271 3488 1)
290 3422 318 3474 Β
342 3437 421 3474 cesar
439 3421 483 3475 sui
502 3422 528 3474 L
554 3424 557 3491 Ι
582 3438 646 3492 resp
648 3423 740 3475 ectum
759 3422 786 3474 Β
803 3422 945 3489 respectus
966 3417 989 3473 0
1009 3421 1018 3489 Ι(
1042 3425 1076 3473 20

65 3493 229 3573 suspectans
248 3492 275 3544 L
297 3493 306 3560 (Ι
329 3498 362 3545 22
382 3493 443 3548 sed:
463 3509 531 3548 corr
548 3495 666 3548 17777777
688 3495 697 3561 Ι(
720 3497 754 3544 23
773 3508 896 3560 unquam
914 3492 941 3544 L
961 3491 966 3563 Ι
985 3491 1076 3545 marte

62 3561 678 3634 777717177771777777(7777771378
