2334 3922
371 205 573 257 PRAEFATIO
591 206 762 257 EDITORIS
981 204 1073 258 XXIII

126 373 289 433 Praeterea
320 372 359 431 ad
385 372 509 432 Florum
539 371 754 431 recensendum
786 372 897 449 duplex
924 373 1070 432 auxilium
1085 385 1147 425 roni

59 463 205 523 habemus
234 481 337 523 eorum
364 461 577 521 historicorum
605 461 715 538 quibus
743 465 798 520 aut
825 462 898 538 ipsis
925 481 997 521 usus
1026 465 1072 522 est
1098 449 1147 479 Μ’

57 556 115 612 aut
143 571 274 630 quorum
296 551 396 610 fontes
424 550 571 626 expilavit
598 553 756 610 eteorum
781 551 834 628 qui
857 551 1018 626 epitomem
1041 552 1072 610 in

56 660 150 701 suum
173 658 263 700 usum
286 642 507 700 converterunt.
547 658 613 698 cum
638 642 741 700 autem
764 640 797 699 hi
819 640 989 717 gravissimi
1012 641 1073 700 sint

56 735 90 791 et
120 730 225 791 eodem
251 729 315 788 fers
342 729 409 788 loco
438 730 530 805 atque
558 728 666 805 optimi
694 729 810 789 codices
832 729 975 807 ponendi,
1002 729 1073 789 illos

56 820 159 879 multo
183 819 303 878 cautius
326 817 467 877 adhibere
487 817 636 876 debemus.
669 838 740 877 nam
758 821 795 877 ut
812 821 929 877 taceam
947 818 1074 877 insitum

55 908 96 968 iis
131 907 185 987 qui
216 908 347 967 aliorum
377 906 470 966 libros
502 907 675 966 exscribunt
706 907 839 968 novandi
870 907 1005 966 studium
1042 911 1074 966 et

56 1000 151 1058 aliter
182 997 277 1056 alium
306 995 483 1072 scriptorem
511 1013 566 1054 suo
594 998 717 1055 auctore
745 996 810 1074 uti,
846 997 910 1055 noli
937 995 1073 1056 oblivisci
1086 1020 1130 1050 aue

56 1088 186 1146 Florum
216 1086 368 1145 rhetorem
400 1102 465 1144 esse
498 1085 551 1161 qui
577 1103 672 1145 novos
700 1086 814 1145 colores
843 1087 968 1163 quaerat
996 1089 1027 1145 et
1054 1104 1073 1144 a
1135 1074 1147 1104 ⁰

57 1174 212 1255 pripribus
244 1178 352 1252 argute
386 1174 468 1233 dicta
498 1173 617 1234 variare
650 1173 779 1234 studeat.
825 1174 929 1251 itaque
958 1193 1075 1235 memor

57 1263 235 1325 Caesariani
266 1263 349 1323 illius
381 1266 462 1323 neni
493 1264 555 1322 eidi
585 1264 643 1322 eici
669 1265 806 1323 consulto
833 1263 864 1322 Π
890 1265 944 1341 13,
964 1266 1006 1323 63
1038 1264 1073 1322 de

57 1354 214 1413 Pharnace
237 1352 311 1412 dicit
334 1350 447 1412 Caesar
469 1383 487 1392 -
509 1384 527 1393 -
548 1383 567 1392 -
589 1353 705 1411 obtrivit
725 1369 804 1411 neone
825 1353 974 1425 fulminis,
999 1354 1076 1427 qnod

58 1460 119 1502 ineo
147 1443 298 1516 eodeniqne
323 1445 463 1500 monento
490 1443 586 1500 venit
611 1444 758 1514 percussit
780 1443 923 1500 abscessit.
968 1442 1074 1500 deinde

56 1532 91 1591 Π
115 1534 172 1609 12,
199 1532 236 1608 6,
271 1529 325 1589 ubi
352 1530 493 1591 Fulviam
523 1531 699 1589 vilissimam
729 1535 855 1589 scortnm
887 1532 992 1608 vocat,
1023 1531 1076 1589 scd

49 1622 193 1696 patriciis
223 1622 421 1688 innocentius,
465 1618 531 1678 fieri
561 1638 622 1678 non
655 1619 757 1695 potuit
789 1620 861 1696 quin
898 1618 1074 1697 Sallustius,

59 1729 154 1788 quem
180 1711 246 1768 toto
273 1708 330 1768 hoc
357 1708 455 1785 eapite
483 1699 661 1788 sequitur1),
690 1709 727 1768 ob
756 1709 889 1767 animum
918 1709 946 1767 ei
969 1709 1074 1770 obver-

56 1803 183 1860 saretur
211 1797 263 1874 qui
290 1796 327 1856 de
354 1797 467 1856 ooninr.
487 1795 550 1856 Ost.
571 1800 627 1872 23,
647 1799 665 1856 3
690 1816 757 1857 sam
778 1799 928 1857 nnrticrern
950 1800 1076 1858 nobilem

59 1888 279 1966 appellaverat.
323 1886 428 1963 itaque
451 1906 518 1945 eum
542 1887 573 1945 in
596 1885 753 1945 notissima
778 1891 808 1947 et
831 1886 934 1946 crebro
953 1893 1077 1947 narrata

57 1977 168 2037 fabula
191 1975 227 2035 de
250 1971 379 2035 Romulo
403 1979 434 2034 et
456 1976 549 2035 Remo
569 1974 774 2044 Quintilianus
797 1976 843 2034 ΙΙΙ
864 1980 893 2054 7,
913 1977 931 2034 5
952 1976 1077 2036 dixisset

57 2068 190 2126 obiectus
213 2067 246 2123 in
261 2067 464 2138 profluentem,
488 2083 619 2142 quocum
641 2065 673 2122 in
697 2064 845 2124 abiciendi
867 2066 958 2124 verbo
978 2065 1075 2124 Arno-

59 2156 132 2215 bius
151 2154 195 2213 IV
215 2156 233 2213 3
254 2156 285 2213 et
302 2153 379 2213 liber
403 2153 439 2212 de
463 2154 517 2214 vir.
542 2153 593 2213 inl.
616 2157 644 2230 1,
664 2156 682 2212 2
708 2155 877 2230 concinunt,
900 2153 988 2213 facile
1011 2152 1077 2212 fieri

60 2244 164 2322 potuit
185 2247 222 2303 ut
244 2242 351 2302 Florus
375 2242 390 2300 I
410 2246 443 2321 1,
463 2245 481 2301 2
509 2245 635 2302 iactatas
657 2245 690 2301 in
706 2246 916 2316 profluentem,
946 2242 1027 2318 quod
1048 2242 1075 2300 B

60 2337 95 2392 et
116 2332 259 2391 Iordanes
281 2331 406 2406 habent,
435 2331 524 2391 alteri
547 2331 606 2410 illi,
634 2332 716 2409 quod
732 2332 806 2391 >sive
837 2349 910 2390 casu
934 2331 997 2391 sive
1020 2332 1076 2390 ali·

59 2421 133 2481 cubi
155 2421 313 2481 inventum
336 2421 429 2479 etiam
447 2419 469 2479 C
487 2421 598 2498 posuit,
617 2421 790 2496 praeferret.
823 2419 919 2479 simile
938 2421 1078 2481 variandi

56 2510 199 2570 studium
222 2509 254 2568 in
277 2528 312 2568 eo
336 2510 468 2569 cernitur
491 2510 585 2587 quod,
615 2528 684 2569 cum
706 2510 812 2571 Livius
835 2510 897 2587 17,
920 2513 936 2569 1
962 2510 1076 2588 aliique

57 2600 92 2658 in
117 2599 223 2658 eadem
245 2598 350 2658 fabula
372 2599 470 2658 forma
491 2601 621 2658 nnttnnes
643 2598 692 2658 usi
713 2602 821 2674 essent,
844 2599 953 2658 Florus
972 2599 987 2657 I
1009 2604 1036 2672 1,
1057 2602 1075 2659 6

58 2689 87 2748 Β
110 2691 191 2748 teste
214 2687 358 2747 rariorem
380 2689 523 2747 nnltnrios
545 2688 668 2766 maluit,
697 2707 774 2766 quae
798 2707 817 2747 a
839 2687 966 2747 Iordane
990 2688 1076 2747 etin

58 2777 84 2838 O
109 2779 210 2837 denuo
238 2777 270 2836 in
296 2776 382 2836 illam
409 2780 528 2837 mutata
555 2770 643 2856 esc2).
688 2781 724 2836 ut
751 2777 876 2837 tertium
904 2777 1077 2854 exemplum

58 2867 185 2944 addam,
211 2865 320 2925 Florus
346 2866 363 2925 I
387 2870 419 2944 7,
444 2869 463 2926 3
492 2866 646 2941 aptissime
674 2865 712 2924 ad
739 2866 928 2943 impietatem
956 2866 1075 2925 Tulliae

56 2954 291 3035 significandam
319 2956 356 3014 de
383 2974 419 3014 ca
447 2954 534 3014 dixit:
561 2972 655 3029 snpra
682 2960 832 3014 crncntnm
855 2958 1076 3029 nonencorte

57 3048 198 3120 carpento
231 3049 426 3104 consternatos
458 3061 543 3118 equos
571 3046 685 3118 erepit
711 3036 771 3126 (ita
798 3045 822 3102 B
851 3048 882 3104 et
908 3033 1076 3124 Iordanes).

58 3152 249 3213 quamquam
268 3134 347 3194 enim
366 3133 492 3193 alterius
510 3133 692 3193 recensionis
711 3134 802 3194 lectio
826 3137 882 3209 epit
903 3132 977 3192 locis
995 3131 1077 3192 Livii

58 3285 121 3292 ——-

136 3378 163 3445 1)
182 3392 208 3430 v,
227 3374 302 3428 infra
320 3391 346 3443 p.
361 3374 457 3428 LVIII.

135 3450 162 3528 2)
181 3445 212 3499 in
234 3444 344 3515 prolixa
367 3444 492 3500 eiusdem
514 3445 555 3500 rei
578 3445 740 3501 narratione
764 3460 835 3513 quae
860 3443 956 3499 estin
978 3445 1076 3501 libello

58 3519 96 3572 dc
115 3534 187 3587 cmg.
207 3519 282 3586 gent.
302 3516 374 3571 Rom
392 3522 426 3569 23
445 3518 498 3588 (ed.
517 3517 548 3573 Β.
570 3517 656 3589 Sepp,
675 3515 834 3570 Eichstadii
855 3520 934 3587 1885)
953 3517 997 3572 bis
1016 3520 1076 3572 vnl-

58 3591 151 3646 tnrios
169 3587 256 3643 semel
273 3590 396 3643 enltnrcs
414 3587 564 3644 invenitur.
